3742 5826
614 589 911 644 ossnnvnrronns
928 589 1048 645 arms.
1066 559 1130 649 vri.
1401 637 1402 642 .
1466 575 1536 648 133

209 763 310 822 lantur
330 763 480 822 candidati
500 767 613 820 tantum
634 782 689 840 per
709 762 845 839 ellipsin3
871 771 973 822 errant
993 764 1071 823 enirn
1093 765 1300 839 meoiudicio,
1322 767 1373 841 qui
1395 767 1473 826 hunc
1494 767 1535 826 lo·

208 863 320 939 quendi
341 881 427 922 usum
448 862 635 920 immutatum
656 863 695 920 ad
716 881 814 921 renum
829 864 1093 941 institutorumque
1107 867 1300 925 mutationem
1316 867 1498 942 referunt¹).

364 966 398 1034 5.
451 959 606 1034 Praetor
632 962 677 1034 de
703 961 914 1036 liberalibus
941 963 1073 1037 causis.

292 1079 334 1140 Ut
365 1082 593 1141 centumvitales
625 1100 736 1141 causae
768 1083 805 1140 ad
834 1089 1004 1158 praetorem
1025 1082 1196 1143 'hastarium
1224 1087 1417 1162 spectabant,
1449 1086 1534 1145 lidei-

208 1291 303 1342 torem
339 1283 527 1355 tutelarium,
563 1283 606 1341 ita
640 1283 730 1342 etiam
765 1281 903 1342 liberales
936 1303 1044 1344 causus
1076 1303 1161 1344 suum
1195 1295 1362 1360 praetorem
1393 1285 1536 1345 habuisse

206 1382 451 1461 inscriptionibus
484 1389 553 1440 ante
584 1382 640 1441 has
672 1383 810 1444 inventas
842 1385 1008 1444 tacentibus
1041 1403 1182 1444 noramus
1213 1385 1390 1461 praesertim
1420 1403 1460 1445 ex
1490 1405 1534 1444 re·

208 1483 320 1560 scripto
346 1484 417 1541 doto
439 1501 466 1542 a.
483 1480 543 1541 226
571 1483 609 1541 66
634 1485 705 1562 imp.
727 1484 961 1560 Alexandm’),
988 1485 1019 1544 in
1040 1502 1101 1561 quo
1122 1485 1262 1562 leguntur
1287 1485 1374 1545 baec:
1400 1481 1536 1544 ‘libertate

208 1593 373 1660 competente
401 1583 589 1660 (praefectus
616 1585 702 1660 urbi)
730 1587 852 1661 perdaci
882 1605 944 1645 sam
975 1587 1017 1644 od
1043 1598 1219 1662 praeturae,
1252 1589 1333 1645 caius
1359 1587 1394 1645 de
1422 1585 1537 1644 liberali

209 1703 299 1743 66666
319 1686 479 1743 iurisdictio
499 1695 554 1754 est,
580 1695 613 1745 ut
632 1685 673 1743 111
693 1685 730 1744 lic
752 1687 905 1758 ordinetur,
926 1681 1052 1746 iubebit’.
1096 1685 1143 1744 Ea
1161 1686 1329 1746 iurisdictio
1350 1687 1415 1746 lieri
1437 1695 1537 1764 potest

208 1791 241 1843 nt
262 1785 431 1844 introducta
451 1786 492 1844 sit
513 1786 593 1845 circa
612 1787 688 1844 hanc
709 1787 806 1864 ipsam
828 1793 966 1859 aetatem,
987 1787 1064 1846 sicut
1083 1795 1253 1863 praeturam
1276 1787 1445 1846 tutelariam
1465 1805 1536 1846 con·

208 1893 272 1944 stat
297 1885 463 1944 institutam
495 1903 563 1946 esse
596 1905 616 1945 a
641 1885 711 1946 divo
740 1887 842 1946 Marco
869 1887 1054 1963 eundemque
1082 1888 1171 1945 etiam
1200 1887 1260 1945 alio
1289 1889 1409 1946 nomine
1436 1887 1536 1947 causis

168 1985 173 1994 '
207 1986 381 2044 liberalibus
408 1986 579 2064 providisse
606 1987 658 2061 (ci.
686 1987 749 2046 vita
777 2006 803 2046 c.
819 1987 869 2064 7);
898 1987 953 2047 sed
979 1987 1076 2064 magis
1104 1987 1279 2047 crediderim
1304 1996 1473 2063 praetorem
1498 1987 1537 2045 de

207 2087 381 2146 liberalibus
402 2088 501 2147 666616
521 2087 615 2146 creari
635 2099 772 2165 coeptum
792 2105 861 2148 esse
882 2089 920 2147 ab
934 2088 1081 2164 Angusto.
1117 2087 1198 2146 Nam
1220 2105 1280 2145 non
1300 2087 1440 2164 ignorant
1460 2086 1534 2144 iuris

208 2187 369 2264 prudentes
393 2206 501 2247 causas
522 2189 662 2247 liberales
684 2190 723 2247 ab
744 2187 954 2264 antiquissimo
974 2187 1043 2246 iude
1064 2197 1198 2264 tempore
1223 2205 1309 2246 suum
1330 2187 1428 2246 sorum
1449 2203 1536 2246 snos-

209 2308 267 2366 que
287 2290 483 2367 magistratus
505 2289 662 2362 habuisse,
689 2275 804 2348 scilicet
824 2289 1011 2349 decemviros
1033 2289 1138 2348 litibus
1158 2287 1340 2358 iudicandis;
1368 2304 1445 2364 quos
1468 2305 1536 2346 cum

208 2391 366 2468 Augustus
394 2389 432 2448 ed
458 2390 685 2450 centumviralia
711 2390 824 2450 iudicia
848 2390 1041 2460 transferret,
1069 2408 1107 2448 ne
1128 2390 1204 2448 tanti
1226 2388 1366 2447 momenti
1388 2405 1437 2447 res
1463 2386 1536 2445 adn·
1645 2413 1649 2424 ·

207 2489 378 2550 lescentulis
406 2490 650 2563 committeretur,
679 2491 767 2551 simul
793 2509 902 2551 causas
923 2491 1066 2550 liberales
1088 2489 1141 2549 uni
1162 2507 1200 2548 ex
1222 2488 1376 2548 duodecim
1398 2488 1451 2564 qui
1473 2495 1536 2546 tum

208 2576 501 2668 erant'praetoribus
523 2611 593 2651 eum
613 2592 785 2651 attribuisse
806 2591 992 2650 crediderim.

362 2694 396 2764 6.
443 2689 619 2790 [Legatus
636 2689 847 2790 provinciae
860 2688 1027 2787 Al]ricae
1044 2688 1204 2788 regionis
1217 2685 1534 2788 Hipponiensium.

291 2809 413 2871 Omittit
434 2813 582 2889 Aquinas.
625 2812 684 2888 Egi
712 2812 749 2871 de
777 2812 886 2889 legatis
912 2810 1103 2888 proconsulis
1124 2810 1249 2869 Africae
1269 2809 1441 2868 dioeceseos
1463 2806 1537 2867 Oar-

208 2897 404 2989 tbaginiensis
429 2921 461 2973 et
485 2913 655 2973 dioeceseos
682 2914 746 2972 sive
775 2912 906 2990 regionis
933 2911 1152 2989 Hipponiensis
1182 2910 1239 2986 (ci.
1266 2911 1292 2968 1.
1314 2909 1354 2968 N.
1380 2909 1477 2984 1433)
1505 2908 1536 2966 in

118 3003 120 3008 ’
208 3013 283 3072 actis
309 3013 461 3073 societatis
483 3011 652 3074 Saxouicae
679 3033 707 3072 a.
724 3012 803 3074 1852
830 3034 860 3091 p.
878 3011 948 3071 219.
992 3009 1053 3071 Sed
1079 3029 1140 3071 non
1167 3011 1279 3069 attendi
1307 3010 1349 3069 ibi
1377 3011 1416 3068 ad
1437 3010 1535 3067 locum

208 3113 300 3173 Plinii
322 3114 409 3190 epist.
433 3114 468 3187 9,
484 3115 540 3187 33,
565 3114 615 3174 661
642 3114 693 3190 qni
719 3113 887 3172 nominatur
909 3110 1054 3171 Octavius
1075 3110 1185 3171 Avitus
1206 3111 1323 3187 legatus
1345 3109 1536 3185 proconsulis

208 3215 377 3274 consistens
402 3215 432 3273 in
458 3215 563 3273 Africa
587 3215 619 3273 in
646 3214 764 3273 colonia
784 3212 986 3290 Hipponiensi
1011 3220 1114 3288 aperte
1139 3210 1245 3269 eodem
1271 3211 1338 3268 loco
1364 3209 1421 3267 luit
1446 3217 1536 3284 atque

209 3317 236 3376 is
262 3315 299 3373 de
326 3334 387 3393 quo
408 3315 539 3393 agimus;
567 3315 738 3393 Hipponem
760 3321 859 3374 nutem
880 3313 923 3371 ibi
943 3312 1077 3388 intellegi
1098 3329 1159 3370 non
1180 3309 1307 3386 Regium
1329 3309 1360 3367 in
1381 3308 1535 3379 Numidia,

209 3418 263 3476 sed
282 3415 479 3494 Diarrhytum
499 3417 672 3493 provinciae
692 3413 916 3493 proconsularis
937 3412 1064 3472 efficitur
1085 3411 1194 3470 collato
1215 3411 1283 3468 loco
1299 3408 1391 3467 Plinii
1412 3407 1535 3466 maioris

209 3518 278 3577 hist.
300 3525 361 3578 nat.
384 3518 415 3590 9,
429 3517 459 3590 8,
474 3515 524 3576 26.

264 3698 268 3706 ,
362 3619 384 3688 1
389 3677 397 3694 .
451 3614 611 3691 Ourator
635 3614 690 3689 rei
714 3613 883 3714 publicae
907 3610 1225 3687 Ocriculanorum.

292 3737 414 3799 Omittit
434 3736 573 3798 Casinas.
617 3735 778 3797 Curatores
803 3734 969 3830 civitatium
994 3731 1161 3810 praetorios
1184 3727 1353 3805 composuit
1372 3725 1534 3786 Henzenns

208 3842 240 3900 in
261 3860 329 3901 aun.
351 3839 421 3900 inst.
447 3839 524 3899 1851
547 3858 577 3917 p.
593 3837 642 3896 23.

364 3942 399 4012 8.
452 3936 612 4013 Ourator
636 3935 718 4010 viae
744 3932 896 4009 Latinae
923 3932 1083 4031 n[ovae].

293 4078 315 4119 rs
336 4061 466 4121 litteram
487 4079 565 4137 quae
585 4057 720 4134 sequitur
738 4057 770 4115 in
792 4053 879 4115 titulo
893 4053 1045 4131 Aquinate
1066 4052 1150 4128 (nam
1172 4051 1215 4110 ita
1227 4049 1269 4109 ibi
1283 4057 1340 4121 est,
1361 4066 1420 4108 non
1436 4063 1481 4120 ετ,
1502 4055 1535 4106 ut

209 4161 320 4242 legitur
340 4161 372 4220 in
391 4162 531 4238 exemplo
551 4158 736 4234 Ponariano)
757 4157 802 4216 ita
821 4156 1010 4234 explevimus
1031 4160 1153 4232 propter
1174 4151 1308 4224 titulum,
1330 4168 1419 4226 quem
1439 4165 1534 4225 nuper

210 4263 316 4322 Tomis
337 4263 470 4340 repperit
488 4261 633 4320 Ernestus
648 4257 826 4334 Desjardins
845 4255 1021 4334 publiciqna
1041 4253 1117 4313 iuris
1137 4252 1209 4311 iecit
1228 4252 1259 4310 in
1281 4251 1440 4309 annalibus
1462 4249 1532 4306 inst.

210 4364 291 4424 arch.
316 4363 395 4422 1868
421 4381 451 4438 p.
467 4362 518 4434 91,
542 4360 581 4419 L.
602 4359 695 4419 Annii
715 4357 815 4417 Italici
835 4355 984 4416 Honorati
1009 4352 1183 4428 cur(utoris)
1207 4355 1271 4410 6166
1290 4347 1486 4422 Lucidum)
1507 4356 1534 4404 et

211 4463 366 4542 6661666)
386 4461 515 4538 caudis)
536 4462 700 4538 imperante
716 4457 901 4519 Alexandro.
935 4455 1042 4532 Itaque
1062 4451 1151 4513 tertio
1172 4457 1252 4510 certe
1273 4449 1392 4510 saeculo
1412 4448 1534 4506 ineunte

287 4744 312 4807 ¹)
338 4745 411 4797 Hace
433 4751 472 4796 est
494 4743 583 4810 opinio
607 4741 709 4796 Stobbii
733 4739 778 4802 (16
801 4737 860 4804 eph.
878 4733 1017 4801 Philologo
1039 4732 1140 4785 66169
1163 4745 1190 4796 p.
1203 4729 1273 4792 666)
1295 4727 1324 4778 16
1347 4723 1531 4778 commentario

211 4843 344 4903 praeterea
361 4837 496 4902 diligenter
513 4835 583 4886 facto
602 4839 628 4884 et
646 4831 704 4883 utili
722 4831 755 4882 de
773 4827 917 4881 candidatis
929 4825 1057 4886 06666616,
1076 4823 1110 4874 66
1127 4835 1179 4888 qua
1196 4819 1342 4872 coniectura
1354 4815 1456 4867 (1166661
1469 4811 1531 4864 alibi

211 4928 381 4994 opportunior
398 4927 470 4977 locus
487 4925 599 4976 dabitur.

287 5023 313 5087 ²)
341 5024 407 5076 Ood.
425 5023 490 5076 lust.
507 5023 634 5086 6561.
661 5018 703 5071 Oi.
721 5016 915 5070 constitutiones
927 5011 1072 5066 constantii
1092 5009 1157 5062 cod.
1171 5005 1272 5060 Theoti.
1286 5004 1313 5068 6,
1326 5005 1353 5067 4,
1369 5002 1402 5054 16
1416 5020 1450 5045 =
1464 5001 1531 5053 Ood.

211 5117 276 5168 lust.
290 5119 315 5178 1,
329 5116 403 5179 39,1
423 5121 450 5165 61
467 5112 604 5165 Iustiniani
622 5107 859 5171 norell.1³,1,1=
877 5110 1009 5170 praetores
1027 5095 1184 5171 61661616τῇ
1200 5084 1328 5166 ruyalrirp
1346 5089 1431 5166 βουλῇ
1443 5089 1468 5141 61
1483 5087 1531 5142 siit

213 5203 362 5277 Ιλιυθιριῦν
379 5201 420 5256 aa!
436 5201 484 5257 666
501 5197 633 5272 intepescit
650 5193 692 5252 uui
707 5195 754 5250 riis
770 5181 887 5248 66666666
903 5179 1097 5261 6666696666.
