3736 5822
330 547 350 618 7
355 547 379 619 4
903 563 1085 616 55555555

328 659 1659 677 fflss-——ffi--m

428 735 535 806 Lipsius
548 753 578 805 5.
592 733 637 787 32.
676 737 793 802 Spoletii.
1082 732 1153 784 Grut.
1170 729 1282 793 1016,d
1307 748 1338 782 55
1360 729 1515 784 ursiniano.
1552 733 1660 799 spons.

667 846 716 896 Dis
735 845 808 909 Syris
1283 841 1333 891 Dis
1352 841 1425 904 Syris

652 937 682 988 C.
702 935 820 986 Albinius
1219 931 1251 993 Q.
1272 931 1395 982 Albinius
1415 932 1447 994 Q.
1467 934 1484 983 1.

624 1028 654 1080 O.
674 1028 691 1078 1.
711 1027 854 1079 Restitutus
1282 1022 1424 1074 Restitutus

1290 1129 1323 1164 ex
1343 1129 1414 1163 iussu

1266 1205 1441 1256 lemn

1309 1297 1395 1360 posuit

1315 1389 1333 1437 1.
1354 1405 1388 1438 m.

437 1504 467 1552 ln
491 1502 575 1566 lapide
595 1509 620 1550 et
638 1501 696 1564 ipso
716 1499 815 1564 Spoleti
833 1497 895 1546 mihi
916 1497 970 1546 viso
990 1495 1055 1557 (111,
1073 1495 1153 1557 1961)
1173 1511 1233 1546 5555
1252 1496 1290 1546 sic
1309 1504 1359 1548 est:
1385 1495 1426 1547 die
1446 1493 1541 1562 Syrie!
1561 1493 1588 1547 C'.
1608 1496 1654 1546 Ai-

438 1591 546 1658 5551551
565 1590 591 1642 0.
610 1591 627 1642 l.
647 1589 794 1641 Restitutus.

328 1744 458 1804 Possum
480 1743 587 1802 addere
612 1744 677 1801 eius
699 1741 817 1818 generis
840 1741 913 1812 alia3
936 1739 987 1798 sed
1010 1740 1083 1798 haec
1104 1757 1192 1816 quern
1214 1758 1275 1797 non
1297 1739 1449 1812 edoceant,
1472 1736 1656 1796 551511111-

328 1846 422 1904 culter
443 1846 548 1920 sapiet.

411 1946 440 2003 6.
482 1946 610 2003 Restant
630 1943 735 2002 Ursini
761 1943 892 2000 5555555
918 1960 1042 2000 numero
1069 1943 1195 2013 multae,
1223 1942 1277 2000 scd
1303 1941 1538 2001 dubitationibus
1560 1941 1655 2018 mcgis

327 2047 476 2106 obnoxiae
499 2064 587 2121 quam
611 2051 681 2102 sunt
700 2043 822 2102 fraudes
844 2059 936 2118 supra
951 2049 1104 2100 tractatae.
1140 2043 1275 2102 Primum
1292 2062 1358 2102 cum
1374 2042 1557 2112 Metelliana,
1579 2059 1655 2117 quae

326 2147 464 2223 leguntur
492 2147 571 2222 epod
594 2144 770 2216 Gruterum,
800 2145 900 2202 omnia
925 2144 962 2201 ad
990 2164 1056 2202 eum
1084 2163 1138 2220 per
1159 2143 1390 2204 Gutenstenium
1414 2144 1569 2202 videantur
1590 2161 1655 2218 per·

327 2249 456 2318 venisse,
477 2247 707 2306 Ursinianorum
729 2253 843 2321 partem
866 2262 958 2321 supra
971 2244 1098 2303 vidimus
1121 2264 1187 2302 eum
1202 2247 1354 2322 accepisse
1370 2264 1428 2303 non
1442 2244 1656 2304 interveniente

328 2346 537 2406 Gutenstenio.
574 2344 674 2418 Quare
696 2346 758 2416 ubi,
781 2355 813 2402 ut
834 2354 961 2419 oportet,
988 2345 1027 2402 ad
1048 2365 1085 2402 55
1105 2353 1218 2403 1551515
1235 2347 1427 2416 attendimus,
1448 2363 1524 2421 quae
1540 2343 1655 2404 (15155-

328 2447 417 2506 steuii
442 2465 549 2504 nomen
576 2446 758 2522 adscriptum
784 2446 906 2518 hebent,
935 2446 1124 2504 inveniuntur
1150 2447 1180 2504 in
1208 2449 1247 2506 iis
1273 2447 1386 2506 inedita
1407 2466 1443 2505 eo
1471 2455 1604 2522 tempore
1625 2453 1656 2504 et

327 2548 414 2618 5555,
437 2554 469 2607 51
490 2548 594 2606 1115155
616 2547 704 2604 hodie
718 2547 815 2604 musei
829 2546 965 2604 Vaticani
981 2547 1036 2616 VI,
1053 2546 1112 2606 235
1130 2573 1166 2597 =
1184 2547 1272 2608 Grut.
1291 2547 1358 2618 109,
1375 2549 1392 2605 7
1414 2545 1439 2604 ‘a
1455 2545 1654 2606 Gutenstenio

327 2668 366 2707 ex
387 2649 462 2706 Hor.
477 2648 594 2706 Vallaei
621 2657 651 2705 et
672 2646 772 2705 Fulvii
789 2645 895 2706 Ursini
916 2643 1128 2724 autographis,
1149 2666 1331 2725 quemquam
1354 2649 1403 2706 hic
1425 2667 1543 2724 quoque
1567 2667 1656 2707 versu

327 2750 511 2826 paenultimo
526 2768 581 2826 pro
598 2749 720 2807 Caesare
740 2748 918 2824 Vespasiano
935 2748 987 2818 VI,
1010 2749 1071 2806 Tito
1089 2749 1211 2808 Caesare
1232 2749 1392 2825 15551111
1409 2767 1465 2808 cos.
1488 2749 1565 2806 mule
1581 2749 1654 2825 legi·

327 2859 375 2908 tur
397 2855 462 2926 imp.
486 2851 602 2927 Vespcs.
622 2850 674 2920 VI,
698 2850 818 2908 Calcare
833 2849 894 2906 Tito
908 2849 984 2906 IIII
994 2869 1065 2922 cos.;
1089 2851 1164 2908 alter
1185 2851 1273 2908 hodie
1296 2852 1392 2910 musei
1414 2850 1579 2908 Florentini
1599 2851 1653 2920 Vl,

328 2952 386 3011 551
406 2977 443 3002 =
462 2949 548 3010 Grut.
564 2951 648 3022 93,6
675 2947 698 3007 ‘e
721 2950 838 3030 schedis
859 2950 964 3009 Ursini
987 2947 1220 3022 Gntenstenius’,
1250 2952 1417 3028 descriptus
1444 2971 1483 3010 ex
1510 2953 1578 3028 ipso
1599 2951 1666 3014 illo„

326 3053 429 3111 codice
441 3051 545 3112 Ursini
559 3051 789 3129 Ligerienorum
805 3050 873 3110 Vnt.
890 3051 981 3122 3439,
1004 3053 1061 3111 etei
1083 3053 1171 3110 etiam
1193 3053 1234 3110 ibi
1251 3071 1304 3128 pro
1320 3053 1425 3129 Npmp.
1442 3071 1521 3111 sose.
1540 3050 1654 3111 Guten-

327 3153 440 3212 stenius
463 3152 544 3211 dedit
564 3153 664 3228 Npms.
687 3170 776 3222 scer.;
799 3153 906 3211 tertius
928 3152 987 3224 VI,
1004 3152 1063 3210 622
1081 3179 1117 3202 =
1137 3152 1223 3212 Grut.
1241 3154 1325 3225 63,4
1350 3151 1377 3210 ‘a
1397 3153 1508 3212 Fulvio
1529 3152 1652 3225 Ursino,

327 3254 508 3331 descriptore
531 3247 747 3324 Gutenstenio’,
773 3253 803 3310 in
829 3271 889 3328 quo
911 3263 1011 3311 155555
1035 3255 1124 3313 etiam
1151 3254 1294 3312 audacius
1316 3264 1433 3328 5555155
1455 3253 1515 3311 5115
1536 3254 1652 3312 minora

325 3363 396 3432 post
417 3356 509 3414 verba
534 3358 645 3430 siparum
668 3353 783 3412 Siluani
804 3355 882 3412 idem
904 3355 1031 3412 inseruit
1052 3363 1078 3412 et
1098 3355 1245 3413 Herculis.
1289 3354 1387 3413 Etiam
1409 3355 1513 3412 titulus
1535 3359 1652 3432 15555515

326 3458 433 3514 domim
461 3454 577 3513 Silvani
602 3455 754 3513 dedicatus
783 3455 810 3512 lc.
839 3455 948 3513 Martis
976 3454 1011 3512 P.
1036 3455 1163 3514 Calcisio
1189 3457 1304 3514 Rusone
1325 3455 1363 3513 L.
1389 3457 1542 3516 0555555115
1564 3457 1652 3516 Paeto

326 3575 382 3618 cos.
410 3577 429 3615 a
450 3555 582 3616 Grutero
608 3557 735 3634 primum
761 3557 858 3613 editus
882 3555 931 3626 64,
952 3556 969 3614 9
996 3574 1063 3614 cum
1089 3556 1310 3632 subscriptione
1334 3553 1380 3614 ‘ex
1401 3555 1506 3616 Ursini
1532 3558 1650 3617 schedis

326 3653 550 3717 Gutenstcnius’
571 3675 631 3715 non
660 3657 724 3714 sine
745 3673 836 3714 causa
855 3657 885 3713 in
908 3656 1109 3732 suspicionem
1132 3669 1255 3716 vocatus
1277 3664 1335 3728 est;
1363 3658 1415 3715 sed
1437 3665 1517 3718 recte
1538 3660 1598 3717 iam
1620 3661 1651 3718 in

325 3756 459 3833 Corpore
479 3756 539 3828 VI,
560 3757 618 3814 597
645 3757 744 3814 locum
771 3765 870 3816 tuetur
896 3756 1037 3815 defensus
1063 3767 1180 3832 praeter
1207 3756 1437 3817 Gutenstenium
1467 3765 1497 3816 et
1523 3760 1651 3819 testibus

324 3858 394 3917 lidei
419 3857 559 3916 indubiae
580 3855 690 3932 Pighio
716 3864 746 3912 et
766 3855 910 3932 Winghio
936 3865 966 3915 et
986 3857 1062 3934 ipsis
1085 3859 1239 3917 consulum
1262 3860 1431 3917 nominibus
1453 3859 1491 3917 ub
1513 3860 1551 3919 iis
1574 3879 1649 3938 quae

323 3958 481 4018 1551155155
507 3957 586 4033 apud
607 3956 747 4014 Tacitum
771 3958 810 4014 ad
831 3956 1045 4033 56150115.
1073 3979 1141 4016 ann.
1165 3960 1212 4029 14,
1229 3959 1266 4019 29
1290 3961 1333 4018 115
1353 3960 1496 4032 diversis,
1522 3969 1555 4019 ut
1576 3961 1648 4020 5115-

322 4059 386 4117 rius
409 4057 586 4116 vocabulum
606 4056 706 4134 lapide
727 4064 807 4116 55515
828 4059 1007 4136 corrIgutur,
1035 4061 1178 4130 alterum,
1209 4063 1260 4136 qui
1287 4062 1366 4138 apud
1392 4061 1533 4119 Tacitum
1554 4062 1648 4121 diver·

324 4177 377 4218 sus
405 4167 466 4228 est,
496 4167 563 4216 ante
590 4166 707 4233 tempus
736 4175 938 4218 successorem
967 4161 1111 4220 babuisse
1136 4161 1241 4221 eodem
1267 4173 1390 4221 5551555
1418 4180 1442 4220 5.
1460 4161 1498 4221 39
1522 4171 1647 4222 constet.

322 4261 461 4335 Denique
486 4267 554 4316 5515
574 4257 730 4317 Arvalium
756 4279 783 4318 5
800 4260 838 4319 87
861 4270 929 4320 5515
956 4263 1010 4320 hos
1036 4281 1149 4338 paucos
1175 4282 1269 4322 annos
1297 4265 1454 4321 eruderate
1478 4281 1546 4320 cum
1572 4265 1649 4322 inter

323 4370 462 4437 quattuor
489 4377 598 4436 pueros
624 4359 736 4418 ordinis
764 4363 906 4420 senatorii
935 4363 1089 4422 nominent
1114 4365 1240 4422 Rutenis
1267 4364 1301 4422 P.
1330 4366 1501 4436 Calvisium,
1530 4383 1646 4423 omnem

322 4462 359 4521 de
385 4463 439 4520 illo
467 4461 555 4520 titulo
583 4461 756 4538 scrupulum
784 4471 974 4534 exemerunt,
1005 4483 1072 4522 cum
1101 4472 1219 4540 praeter
1247 4484 1283 4522 55
1310 4467 1489 4541 titulumque
1516 4485 1583 4524 eum
1611 4466 1648 4524 de

322 4583 381 4642 quo
403 4564 520 4640 agimus
542 4562 573 4620 id
594 4581 701 4620 nomen
723 4579 870 4640 nusquam
891 4565 988 4622 adhuc
1007 4564 1159 4624 inventum
1176 4567 1225 4625 ait.
1259 4565 1397 4626 Ceterum
1413 4585 1450 4623 ne
1465 4566 1496 4623 in
1511 4567 1567 4625 hoc
1581 4567 1649 4642 qui·

321 4664 388 4722 dem
404 4662 620 4724 Gutenstenius
642 4663 689 4722 sui
709 4663 865 4724 dissimilis
886 4665 954 4737 luit3
977 4683 1046 4723 nam
1068 4677 1185 4742 praeter
1206 4668 1267 4726 5115
1288 4669 1403 4726 1515555
1423 4667 1474 4725 551
1496 4669 1527 4725 15
1549 4667 1648 4743 lapide

320 4774 369 4824 est
387 4769 574 4824 marmoraoit
594 4765 739 4823 vocabulo
764 4765 877 4823 rariore
899 4766 1031 4824 offensus
1054 4775 1141 4826 55515
1162 4767 1244 4826 dedit
1265 4786 1471 4839 ozarmor....,
1494 4768 1541 4827 bis
1562 4788 1647 4846 repe·

321 4865 404 4924 titum
431 4865 606 4941 particulam
632 4868 697 4925 item
721 4865 814 4924 altero
840 4867 905 4926 looo
932 4867 1051 4927 delevit.
1095 4867 1155 4928 Sed
1177 4887 1243 4928 cum
1265 4871 1313 4928 551
1334 4871 1408 4929 haee
1429 4869 1589 4932 ostendunt
1610 4889 1647 4929 ne

318 4965 456 5042 genuinis
478 4967 599 5043 quidem
621 4967 770 5026 hominem
791 4968 975 5045 pepercisse,
998 4969 1050 5028 clii
1072 4970 1152 5029 tituli
1173 4971 1268 5049 ipsius
1290 4969 1358 5030 sola
1383 4972 1561 5032 auctoritate
1583 4989 1646 5029 mu·

319 5067 374 5126 niti
400 5086 497 5144 nugae
524 5076 594 5128 suut
621 5086 729 5126 merae.
776 5067 926 5145 Exempla
952 5087 1048 5146 pauca
1073 5072 1170 5132 adieci
1196 5072 1273 5132 forte
1300 5081 1421 5150 5555515
1447 5074 1525 5132 15155
1553 5072 1647 5132 multa

319 5185 379 5226 555
399 5169 525 5228 meliors
544 5169 705 5231 ueletiam
725 5169 843 5247 peiore:
