3712 5838
352 497 425 570 246
870 499 1149 556 urrrauuaauuu

353 599 1677 627 Μ

352 689 503 748 invenitur
530 691 598 740 ante
629 675 789 754 Elagabali
815 685 932 750 tempus
962 673 1090 749 (Eckhel
1112 671 1151 730 D.
1174 671 1214 731 N.
1242 669 1288 728 111
1313 689 1343 746 p.
1373 671 1458 748 375),
1509 669 1569 732 Sed
1597 682 1675 730 em,

354 791 380 850 si
399 790 467 865 quis
486 785 565 843 dicat
583 789 741 857 propterea
756 775 872 832 titulum
894 781 1030 831 nostrum
1053 789 1146 849 usque
1168 771 1208 830 ad
1228 771 1303 834 illud
1319 780 1437 848 tempus
1460 772 1674 832 detrudendum

355 907 430 949 esse.
472 884 551 943 Nam
580 881 636 938 hoc
660 875 838 936 vocabulum
866 893 933 932 cum
960 875 992 931 in
1017 874 1145 932 nummis
1172 890 1232 929 nou
1259 881 1319 944 est,
1351 881 1510 949 propterea
1537 893 1597 932 non
1625 893 1676 932 ne.

354 987 484 1050 cessario
512 981 660 1056 sequitur,
681 977 735 1035 illo
759 989 893 1051 tempore
915 974 1016 1032 urbem
1044 991 1078 1030 eo
1106 973 1237 1030 nondum
1258 971 1424 1049 praeditam
1445 973 1549 1032 fuisse.
1586 971 1675 1046 Quod

354 1090 432 1147 alius
455 1084 538 1143 urbis
559 1078 699 1154 exemplo
720 1076 941 1152 comprobatur.
986 1072 1086 1146 Quum
1109 1074 1188 1131 euim
1208 1073 1240 1130 iu
1268 1073 1334 1131 basi
1356 1074 1507 1150 statuae¹)
1528 1074 1675 1133 Hadriani

353 1192 391 1249 ab
416 1181 651 1245 Laodiceueihus
673 1178 801 1236 Athenis
828 1177 859 1234 in
886 1173 1047 1252 Olympico
1075 1175 1144 1233 uiro
1171 1174 1325 1232 etiamtum
1350 1175 1531 1250 imperatore
1557 1184 1674 1234 erectae

354 1293 499 1367 scriptum
524 1285 565 1344 sit
592 1279 608 1350 ἦ
635 1269 717 1338 πόλις
740 1266 875 1334 'lovaniae
900 1277 957 1332 τῶν
982 1265 1030 1331 nal
1052 1264 1210 1332 haebraica
1235 1269 1304 1356 arpis
1324 1265 1506 1352 θαλ[α’]πῃ,
1527 1278 1578 1346 τῆς
1598 1275 1674 1358 lep&

353 1383 401 1450 aul
417 1379 526 1447 ἀσύλου
541 1372 588 1439 aul
604 1370 756 1446 adravo'peo
779 1369 1015 1459 ναυαρχίδος,
1038 1377 1095 1434 hoc
1110 1375 1289 1434 vocabulum
1307 1375 1339 1433 iu
1355 1377 1483 1434 nummis
1498 1375 1675 1448 Laodiceae,

354 1494 405 1568 qui
427 1492 548 1548 exstant
576 1484 613 1540 ab
635 1479 766 1556 Augusti
787 1486 922 1552 tempore
948 1494 1045 1552 usque
1067 1476 1104 1534 ad
1127 1473 1323 1548 Caracallum,
1344 1494 1491 1552 nusquam
1514 1485 1674 1554 comparet,

353 1596 397 1652 ita
420 1599 454 1648 ut
474 1583 635 1645 Echhelius
661 1579 707 1638 IV
728 1598 756 1654 p.
778 1578 837 1636 309
861 1597 898 1636 nc
919 1587 1129 1636 commemoret
1148 1577 1268 1652 quidem
1289 1575 1468 1636 Laodiceam
1489 1577 1566 1636 inter
1587 1579 1675 1638 urbes

354 1687 563 1754 nauarchidas.
598 1683 704 1757 Itaque
726 1679 814 1737 etiarn
837 1677 971 1754 Tripolis
993 1678 1153 1754 quominus
1175 1697 1211 1735 eo
1233 1677 1327 1736 multo
1348 1686 1415 1736 aute
1438 1696 1494 1737 usa
1515 1680 1564 1750 sit,
1586 1698 1675 1755 quam

353 1797 385 1854 in
398 1790 527 1852 nummis
540 1783 701 1851 invenitur,
715 1779 789 1837 nihil
804 1779 936 1853 impedit.
969 1781 1012 1836 At
1026 1777 1056 1834 id
1071 1787 1150 1836 certe
1164 1779 1262 1836 dicere
1275 1777 1388 1850 licebit,
1409 1778 1527 1837 titulum
1543 1781 1676 1838 Atticum

353 1893 551 1968 antiquiorem
571 1900 639 1941 esse
666 1899 726 1938 non
748 1896 839 1955 posse
865 1879 903 1936 iis
930 1879 1128 1955 temporibus,
1154 1877 1263 1954 quibus
1291 1879 1355 1937 eius
1380 1880 1517 1938 vocabuli
1545 1881 1675 1957 primum

354 1993 475 2054 omniuo
488 1985 647 2060 vestigium
661 1981 799 2040 cernitur.
831 1979 931 2054 Atque
950 1980 1082 2036 omnium
1097 1979 1194 2054 prima
1209 1977 1304 2040 Sidon
1317 1980 1484 2038 Phoenices
1500 2000 1567 2040 eum
1581 1983 1676 2040 hono·

352 2115 415 2156 rem
430 2091 539 2164 adepta
553 2101 620 2144 esse
634 2081 760 2154 videtur,
782 2081 813 2138 in
827 2079 913 2137 cuius
929 2080 1058 2137 nummis
1072 2080 1131 2136 iarn
1147 2088 1395 2138 commemoratur
1409 2099 1488 2140 anno
1503 2081 1542 2140 85
1558 2100 1587 2156 p.
1603 2081 1674 2140 Chr.

352 2197 517 2271 imperante
538 2183 711 2245 Domitiano
733 2179 863 2256 (Eckhel
884 2179 934 2236 Ill
954 2199 983 2256 p.
1001 2178 1086 2254 368).
1129 2178 1166 2236 In
1188 2180 1255 2238 aliis
1277 2181 1447 2240 civitatibus
1470 2183 1507 2240 ab
1528 2181 1676 2242 Hadriani

352 2294 521 2373 principatu
533 2284 645 2360 incipit.
667 2280 768 2356 Quare
782 2280 871 2338 etiam
886 2279 961 2337 haec
974 2297 1022 2338 res
1036 2298 1070 2337 eo
1086 2279 1177 2351 ducit,
1192 2289 1225 2338 ut
1238 2280 1357 2338 titulum
1372 2281 1505 2341 Atticum
1520 2283 1676 2342 Hadriano

352 2414 411 2456 non
434 2389 630 2464 antiquiorem
652 2382 828 2442 iudicemus.
871 2379 921 2437 Ex
945 2380 1038 2437 altera
1059 2389 1143 2454 parte
1164 2381 1244 2456 quod
1265 2389 1334 2440 ante
1356 2391 1471 2459 tempus
1493 2385 1674 2461 compositus

353 2499 392 2558 sit
413 2491 529 2553 definiri
557 2505 617 2545 non
639 2491 747 2560 potest.
791 2480 855 2537 Iam
878 2479 1067 2538 denomino
1090 2480 1182 2538 Iunco
1204 2479 1367 2540 rideamus.
1413 2481 1513 2556 Quum
1534 2485 1565 2542 in
1587 2487 1674 2544 titulo

353 2594 541 2673 amplissimo
569 2604 629 2645 non
655 2593 688 2641 ut
719 2583 750 2639 in
777 2580 844 2638 aliis
870 2581 934 2637 eius
963 2582 1072 2640 aetatis
1099 2598 1202 2638 omues
1223 2581 1351 2639 honores
1372 2594 1593 2656 recenseantur,
1621 2587 1675 2646 sed

353 2715 444 2755 unum
465 2689 555 2766 legati
580 2689 657 2761 Aug.
681 2700 736 2757 pro
763 2687 900 2755 praetore
929 2679 1057 2737 officium
1087 2689 1347 2753 commemoretur,
1374 2702 1409 2741 eo
1436 2684 1504 2760 ipso
1530 2696 1672 2764 tempore,

353 2814 412 2873 quo
433 2795 459 2850 is
480 2793 538 2847 hoc
559 2803 679 2844 munere
700 2780 879 2855 fungebatur
898 2781 1083 2855 compositus
1106 2781 1145 2838 sit
1165 2799 1290 2840 necesse
1311 2789 1366 2842 est.
1407 2785 1501 2862 Atqui
1523 2789 1673 2861 quomodo

352 2898 462 2956 factum
490 2897 535 2947 est
563 2895 596 2942 ut
623 2892 686 2940 tum
708 2879 834 2938 Athenis
860 2880 1036 2954 erigeretur,
1063 2898 1243 2956 quamquam
1265 2901 1362 2958 neque
1387 2886 1423 2944 ab
1445 2886 1673 2948 Atheniensium

353 2995 473 3055 civitate
494 3005 590 3062 neque
612 2982 760 3060 aprivato
776 2979 893 3036 homine
909 2980 1092 3052 Atheniensi,
1116 2983 1169 3040 sed
1190 3001 1209 3040 a
1223 2982 1421 3059 Tripolitanis
1436 2984 1601 3047 Phoenices
1620 3008 1673 3066 po-

353 3097 428 3156 situs
450 3089 514 3149 est?
545 3087 629 3144 Inter
643 3080 807 3159 permultos
829 3081 906 3138 enlm
923 3081 1024 3140 titulos
1040 3082 1217 3141 honorarius
1240 3085 1381 3159 perpauci
1403 3095 1472 3144 suut
1486 3087 1612 3149 Athenis
1634 3092 1673 3149 ab

353 3195 420 3256 aliis
442 3189 612 3250 civitatibus
634 3183 739 3260 positi,
767 3182 794 3238 si
816 3183 969 3256 exceperis
991 3189 1105 3241 statuas
1130 3183 1160 3240 in
1183 3183 1329 3242 Hadriani
1350 3186 1493 3246 honorem
1515 3189 1546 3247 in
1568 3189 1673 3267 Olym-

352 3299 420 3374 piso
442 3293 479 3350 ab
502 3307 538 3348 eo
560 3285 714 3344 aedificato
736 3281 862 3359 positas,
885 3299 960 3356 quas
982 3282 1040 3340 huc
1061 3301 1120 3340 nou
1135 3284 1283 3360 pertinere
1304 3287 1495 3346 manifestum
1516 3297 1572 3350 est.
1605 3291 1672 3350 Pri·

351 3407 487 3456 vatorum
508 3390 599 3464 igitur
615 3386 690 3443 duas
713 3382 859 3441 eiusmodi
879 3383 1089 3458 inscriptiones
1105 3385 1184 3455 novi,
1204 3380 1270 3461 Ἐφ.
1286 3382 1358 3464 ἇρχ.
1376 3387 1455 3446 3363
1477 3409 1498 3447 a
1512 3389 1672 3466 Gytheatig

353 3501 383 3556 in
404 3497 549 3553 honorem
570 3487 618 3545 Ti.
640 3482 760 3544 Claudii
778 3483 871 3540 Attici
892 3483 1031 3558 positam,
1053 3493 1083 3541 et
1102 3479 1168 3559 Ἐφ.
1184 3479 1256 3566 apg.
1280 3486 1360 3546 3765
1382 3485 1424 3561 (r.
1441 3507 1532 3564 supra
1552 3509 1582 3567 p.
1600 3494 1674 3571 151)

351 3597 403 3658 ubi
428 3607 581 3652 commune
609 3583 810 3644 Phocensium
836 3582 1031 3641 Locrensium
1057 3582 1251 3643 Doriensium
1273 3585 1477 3647 Euboeusium
1503 3610 1538 3650 eo
1560 3593 1675 3653 honore

352 3697 443 3758 afficit
463 3695 504 3750 M.
525 3689 644 3748 lunium
668 3683 806 3745 Silanum
829 3702 884 3758 pro
910 3693 1076 3759 quaestore.
1121 3682 1256 3757 Quorum
1279 3689 1484 3763 exemplorum
1506 3693 1590 3768 prius
1611 3713 1673 3753 ma-

350 3798 459 3857 nilesto
486 3791 555 3850 inde
581 3784 789 3864 explicandum
816 3793 876 3855 est,
903 3784 985 3858 quod
1005 3784 1123 3844 Atticus
1150 3785 1217 3858 ille,
1245 3785 1378 3848 Herodis
1400 3789 1493 3848 Attici
1519 3800 1614 3869 pater,
1643 3803 1674 3854 et

351 3899 465 3974 origiue
480 3887 672 3950 Atheniensis
693 3893 758 3944 erat
778 3893 807 3941 et
827 3884 957 3942 Athenis
979 3903 1118 3962 magnam
1133 3895 1246 3961 partem
1269 3888 1347 3945 ritae
1369 3890 1504 3966 degebat.
1536 3893 1673 3954 Alterum

351 4007 450 4058 autem
470 4012 506 4050 eo
527 3989 664 4064 pertinet,
689 3983 768 4060 quod
790 3981 909 4042 Silanus
932 3986 1137 4062 magistratum
1158 3997 1389 4064 propterquam
1410 3991 1523 4050 honore
1544 3993 1675 4054 afficitur

351 4100 384 4156 in
406 4091 535 4152 Graecia
561 4095 697 4164 gesserat
720 4085 846 4159 ideoque
871 4084 1015 4157 Athenis,
1043 4087 1075 4143 in
1099 4088 1290 4146 celeberrima
1315 4097 1404 4166 atque
1431 4091 1674 4168 splendidissima

353 4193 499 4257 Graeciae
520 4189 593 4246 urbe
615 4195 714 4246 statua
734 4185 865 4260 erigitur.
908 4186 1009 4261 Atque
1030 4186 1104 4244 haec
1125 4188 1202 4246 ratio
1223 4188 1310 4248 unica
1331 4201 1389 4264 est,
1418 4211 1495 4268 quae
1516 4194 1547 4252 in
1568 4197 1673 4255 Aemi-

351 4298 426 4356 lium
447 4294 571 4350 humum
597 4287 739 4364 quadreli
767 4287 868 4361 itaque
893 4307 960 4344 tum
988 4293 1147 4363 propterea
1168 4289 1294 4348 Athenis
1317 4301 1368 4349 aut
1389 4300 1467 4352 certe
1489 4293 1520 4352 in
1543 4293 1673 4355 Graecia

350 4415 472 4458 munere
500 4391 591 4468 legati
613 4390 747 4447 iunctum
774 4405 841 4446 esse
866 4388 1029 4464 putandum
1055 4400 1109 4446 est.
1152 4387 1213 4450 Sed
1240 4391 1312 4466 quid
1337 4391 1437 4468 legato
1459 4396 1591 4470 Augusti
1616 4415 1672 4475 pro

351 4507 489 4578 praetore
510 4512 578 4552 cum
600 4489 715 4549 Achaia
735 4489 891 4565 provincia
912 4488 1082 4546 senatoria?
1113 4487 1162 4548 Ne
1188 4491 1219 4548 id
1244 4491 1363 4566 quidem
1384 4493 1507 4552 difficile
1528 4505 1576 4554 eet
1595 4497 1672 4556 diiu.

351 4599 459 4658 dicata.
496 4593 570 4652 lude
592 4592 629 4649 ah
646 4589 770 4648 Traiani
792 4590 870 4648 enim
892 4589 1076 4664 temporibus
1097 4589 1129 4647 in
1150 4592 1323 4666 provincias
1344 4595 1575 4667 proconsulares
1596 4616 1672 4656 non.

349 4700 447 4760 nullas
469 4696 547 4754 mitti
574 4691 710 4751 solebant
736 4690 774 4748 ab
801 4689 1030 4766 imperatoribus
1054 4690 1147 4767 legati
1168 4711 1223 4769 pro
1244 4701 1381 4769 praetore
1404 4695 1442 4752 ad
1463 4697 1671 4774 corrigendum

348 4888 551 4902 ..υ-ι’*-

424 5013 447 5074 1)
471 5015 615 5064 Edidernut
633 5011 734 5063 titulum
753 5010 917 5076 Rhusopulos
935 5003 999 5081 Ἔχ.
1020 5004 1084 5082 ιῖρχ.
1102 5029 1157 5080 περ.
1180 5005 1255 5096 icip-
1278 5015 1321 5065 50.
1360 5017 1393 5067 U.
1413 5017 1518 5068 Henzen
1538 5017 1670 5068 Bullatiuo

349 5099 408 5154 dell'
428 5105 547 5154 Instituta
568 5105 638 5155 1862
657 5120 683 5168 p.
705 5102 765 5164 135,
804 5103 965 5152 Kumauudis
985 5098 1117 5172 Φιλίστωρ
1136 5105 1172 5155 11.
1192 5121 1217 5170 p.
1237 5105 1299 5156 432.
