3742 5826
330 537 403 608 134
900 527 1081 599 uouusm

327 725 485 803 (aequales
511 723 590 784 enim
614 722 678 780 fere
699 721 820 778 luerunt
842 717 973 808 Sabinus
995 726 1026 778 et
1046 715 1235 792 Honoratus)
1258 717 1325 776 viae
1345 715 1474 776 Latinae
1495 717 1572 778 duae
1593 720 1655 780 fue·

326 833 397 885 runt
424 833 509 884 vetus
537 830 568 883 et
597 839 690 894 nova3
723 827 854 880 ceterum
886 819 958 878 mihi
990 819 1027 878 de
1059 825 1165 878 neutra
1195 827 1314 876 constat
1340 818 1520 895 videantque
1549 821 1587 880 de
1615 821 1655 880 iis

327 926 407 986 docti
428 925 535 984 Italiae
555 922 735 1001 periegetae.
750 953 791 964 —
819 918 983 980 Curatores
1009 920 1077 979 viae
1097 918 1225 978 Latinae
1252 936 1288 977 eo
1309 927 1443 996 tempore
1465 928 1554 980 notos
1575 939 1655 980 oom-

326 1026 429 1102 posuit
455 1024 642 1102 Borghesius
674 1040 744 1100 opp.
772 1023 809 1093 4,
837 1022 906 1081 133.
955 1019 1188 1080 Observandum
1221 1028 1268 1078 est
1299 1037 1401 1078 euram
1433 1019 1500 1079 viae
1527 1019 1656 1082 Latinae

325 1132 356 1185 et
381 1125 600 1203 praefecturam
625 1123 834 1182 alimentorum
862 1121 925 1181 sive
951 1121 1086 1180 eiusdem
1111 1119 1244 1198 regionis
1271 1119 1334 1180 sive
1356 1119 1493 1181 diversae
1514 1120 1654 1199 (provin-

326 1227 375 1286 cia
401 1226 480 1284 enim
505 1245 567 1285 non
592 1223 772 1295 enuntiatur,
798 1230 832 1281 ut
856 1240 946 1300 saepe
971 1222 1005 1280 st
1030 1223 1061 1282 in
1086 1221 1143 1282 hoc
1164 1221 1277 1298 officio)
1304 1219 1336 1279 in
1357 1221 1415 1280 hoo
1435 1222 1523 1281 titulo
1544 1223 1588 1282 ita
1607 1242 1656 1284 se·

326 1327 441 1404 parari,
470 1335 503 1384 ut
523 1321 666 1387 Sabinum
688 1323 817 1409 primum
838 1323 921 1382 illam
942 1322 1077 1401 gessisse
1098 1329 1257 1399 appareat,
1283 1321 1391 1380 deinde
1411 1332 1481 1399 post
1501 1324 1657 1400 complura

326 1427 390 1486 alia
415 1445 539 1486 munera
562 1423 760 1502 provincialia
785 1425 862 1484 hanc
887 1423 1049 1500 accepisse.
1091 1420 1182 1482 Unde
1207 1421 1406 1500 colligendum
1434 1431 1482 1483 est
1500 1442 1537 1483 ea
1556 1425 1658 1485 officia

327 1544 384 1586 sua
408 1537 516 1586 natura
541 1527 675 1586 seiuncta
698 1532 729 1584 et
755 1524 850 1585 inisse
877 1533 908 1582 et
934 1542 1053 1603 semper
1077 1523 1239 1594 mansisse,
1267 1529 1298 1581 et
1324 1541 1391 1582 com
1419 1541 1509 1600 saepe
1535 1525 1656 1586 coniun-

326 1627 492 1705 gantur¹)‚
519 1637 618 1686 tamen
645 1627 696 1702 qui
721 1625 829 1686 dieitur
844 1627 1009 1702 praefectus
1031 1625 1227 1683 alimentorum
1243 1642 1300 1698 per
1321 1624 1488 1698 Aemilium,
1517 1645 1584 1686 eum
1606 1646 1656 1687 ne·

327 1745 479 1804 quaquam
506 1729 576 1788 inde
603 1727 689 1806 sequi
710 1727 777 1786 viae
803 1745 924 1803 quoque
950 1727 1015 1786 eius
1042 1743 1146 1786 curam
1171 1723 1263 1784 simol
1288 1723 1389 1802 egisse
1414 1731 1445 1784 et
1470 1727 1534 1786 vice
1557 1747 1655 1788 versa.

326 1827 520 1888 Reiciendum
541 1828 643 1906 igitur,
666 1827 747 1904 quod
768 1836 837 1886 ante
858 1827 915 1886 hoa
936 1826 1047 1886 multos
1068 1843 1164 1886 annos
1185 1821 1384 1902 Henzenusi)
1406 1828 1522 1904 posuit,
1544 1836 1656 1892 unum·

326 1947 385 2004 que
406 1947 515 1990 munus
535 1947 592 2006 pro
613 1947 672 1988 uuo
695 1928 860 2005 eodemque
880 1927 1050 1986 habendum
1071 1944 1149 1986 esse.

483 2030 517 2101 9.
570 2025 750 2103 Iuridicus
776 2051 843 2126 per
869 2020 1062 2100 Aemiliam
1089 2035 1128 2100 et
1152 2022 1351 2124 Liguriam.

409 2149 486 2208 Vide
507 2167 585 2226 quae
607 2149 761 2225 composui
784 2150 815 2208 in
838 2147 1073 2225 gromaticorum
1094 2147 1225 2207 editione
1239 2145 1487 2209 Lachmauniana
1509 2150 1538 2225 2,
1556 2151 1625 2212 193.

484 2252 541 2322 10.
594 2246 755 2347 Legatos
778 2246 950 2345 Hegionis
976 2245 1355 2346 duo]etvicensim[ae]
1373 2248 1654 2349 pr[im]igeniae.

410 2367 495 2428 Haec
514 2386 574 2427 non
595 2369 668 2445 legit
681 2366 840 2427 Ponarius.
875 2368 913 2427 In
933 2377 1042 2446 ectypo
1064 2368 1139 2428 satis
1161 2377 1244 2428 certo
1266 2377 1413 2446 apparent
1426 2370 1568 2447 reliquiae
1582 2373 1655 2432 hae:

328 2452 462 2561 necarit
479 2485 517 2528 rr
530 2484 686 2529 vrcnmsua.
701 2471 780 2540 .u...;
801 2467 859 2528 init
879 2469 910 2527 in
931 2469 1033 2545 lapide
1054 2484 1150 2529 arear
1163 2485 1221 2528 uso
1236 2486 1254 2528 n
1269 2466 1273 2550 Ι
1291 2485 1326 2527 ετ
1339 2485 1484 2530 vrcnasua
1499 2487 1613 2533 rmmrc.

484 2572 542 2641 11.
595 2565 835 2668 Praepositae
851 2566 1070 2666 vexi[lla]ris
1088 2565 1329 2644 Germanicae
1346 2569 1603 2669 expeditionis.

411 2687 489 2748 Cum
515 2699 546 2748 et
570 2689 607 2748 de
633 2707 712 2748 anno
734 2688 907 2749 consulatus
929 2687 1034 2750 Sabini
1055 2697 1174 2750 constet
1193 2700 1224 2750 et
1244 2691 1344 2767 ipsum
1366 2692 1468 2769 paullo
1488 2699 1558 2770 post
1579 2693 1655 2754 hanc

327 2790 549 2864 expeditionem
571 2790 609 2848 ad
631 2809 699 2849 eum
719 2790 891 2867 pervenisse
912 2798 1026 2848 eertum
1047 2791 1096 2863 sit,
1118 2798 1199 2850 reete
1221 2793 1341 2852 omnino
1356 2792 1553 2853 Minervinius
1570 2795 1656 2854 intel·

327 2889 402 2948 lexit
427 2890 647 2967 expeditionem
676 2888 887 2950 Germanicum
913 2888 1089 2951 Caracallus
1117 2912 1144 2951 a.
1161 2891 1221 2951 213
1249 2911 1343 2970 nuper
1370 2894 1552 2955 illustratam
1580 2897 1656 2956 actis

327 2990 487 3048 Arvalium
509 2991 646 3067 proxime
666 2991 793 3068 repertis
816 2990 955 3066 (Henzen
976 2993 1063 3052 relos.
1085 3011 1115 3070 p.
1130 2991 1194 3069 75).
1237 2992 1310 3052 Indo
1337 2994 1495 3058 didicimus
1520 3015 1556 3056 eo
1577 3017 1656 3058 anno

328 3091 377 3149 die
397 3091 477 3168 Aug.
495 3093 531 3150 11
555 3092 663 3151 iratres
686 3099 757 3151 vota
776 3092 899 3164 fecisse,
925 3095 1003 3168 qood
1023 3095 1154 3153 dominas
1265 3113 1321 3171 per
1342 3095 1457 3156 limitem
1476 3099 1596 3159 Baetim
1616 3101 1659 3158 ad

329 3191 420 3251 tostas
447 3195 631 3274 eatirpaados
657 3193 844 3252 barbarorum
869 3193 1008 3270 [fimr]³)
1034 3196 1203 3255 introiturus
1225 3206 1279 3270 eat,
1304 3197 1375 3256 item
1403 3198 1450 3258 die
1472 3199 1574 3262 octo
1600 3201 1656 3260 im·

328 3291 492 3352 molavisse
519 3293 553 3352 ob
578 3295 698 3353 solatum
726 3296 930 3370 uictoriamque
962 3293 1163 3354 (immeritam
1189 3295 1388 3373 imperatoris.
1439 3301 1490 3360 Ab
1519 3321 1555 3362 eo
1585 3303 1655 3363 inde

327 3411 405 3452 anno
434 3394 553 3454 demum
573 3395 745 3471 imperatori
769 3393 941 3456 Germanici
961 3413 1071 3454 nomen
1092 3397 1289 3474 sinaitam),
1318 3417 1414 3476 neque
1435 3403 1596 3479 scriptores
1618 3405 1656 3466 de

327 3513 363 3552 ea
392 3496 581 3573 expeditione
609 3496 699 3574 plane
727 3496 874 3572 taeent⁵).
923 3495 1004 3555 Huic
1034 3501 1219 3575 expeditioni
1246 3501 1381 3561 interfuit
1409 3500 1540 3564 Sabinus
1569 3523 1656 3582 prae·

327 3596 442 3670 positus
472 3597 638 3656 vexillariis
663 3598 765 3655 nescio
792 3597 901 3673 quibua
929 3596 967 3655 ad
995 3617 1061 3656 eam
1089 3602 1191 3662 missis
1219 3610 1249 3662 et
1274 3620 1375 3664 comes
1396 3604 1493 3682 ipsius
1516 3607 1654 3684 Augusti.

406 3870 430 3934 ¹)
458 3875 535 3924 quta
553 3882 683 3939 ponuntur
701 3875 813 3927 honores
831 3879 938 3930 meliore
952 3887 1037 3932 aetate
1049 3881 1134 3932 forma
1146 3897 1199 3934 non
1212 3890 1317 3947 mutata,
1336 3891 1365 3934 ut
1376 3886 1406 3936 L.
1420 3885 1542 3937 Minicius
1554 3887 1656 3940 Natalia

329 3977 382 4012 coa.
401 3977 424 4012 o.
437 3977 461 4013 a.
477 3966 528 4014 127
548 3966 641 4017 dicitur
659 3973 739 4018 curat.
759 3968 817 4018 ciue
828 3965 949 4032 Flamin„
967 3971 1051 4038 praes.
1071 3972 1211 4026 alimentor.
1231 3973 1348 4036 (Hersen
1365 3975 1492 4041 116498,
1511 3977 1603 4029 similis
1618 3987 1655 4030 est

330 4068 357 4102 ιι.
371 4051 466 4115 6502),
491 4057 609 4120 sequiora
628 4064 673 4108 aut
691 4059 879 4124 coniunguntur
897 4061 994 4113 inserta
1012 4063 1118 4129 copula,
1142 4072 1172 4116 ut
1190 4065 1220 4116 C.
1238 4067 1357 4117 Luxilius
1375 4066 1488 4120 Sabinus
1507 4069 1547 4118 vir
1565 4071 1656 4120 aetatis

330 4141 480 4193 Gordianus
499 4145 592 4197 dieitur
610 4163 662 4198 cur.
681 4149 748 4201 aior.
768 4157 792 4201 et
804 4150 892 4218 praef.
911 4150 1020 4204 aliment.
1043 4151 1147 4206 Clodios
1165 4163 1190 4206 et
1208 4155 1330 4208 colerem.
1350 4157 1441 4220 (Orell.
1455 4158 1537 4221 3143)
1557 4167 1600 4210 aut
1619 4160 1657 4211 ita

330 4233 529 4299 eomunduntur,
549 4245 578 4288 ut
595 4253 656 4291 cura
674 4241 731 4291 viae
750 4243 827 4293 etiam
845 4243 880 4294 ad
892 4244 1014 4295 alimenta
1025 4247 1178 4312 porrigatur,
1198 4262 1249 4313 quo
1262 4250 1391 4313 pertinent
1402 4257 1484 4302 curat.
1495 4250 1553 4302 oios
1566 4248 1656 4302 Salar.

332 4330 356 4373 et
373 4322 546 4378 alimentorum
564 4329 680 4392 (flamen
699 4334 781 4396 7420)
800 4335 947 4401 similesque
966 4335 1083 4397 (Henzen
1101 4351 1161 4390 anu.
1179 4338 1240 4390 inst.
1262 4339 1332 4391 1844
1350 4357 1376 4406 p.
1390 4340 1446 4403 41).

407 4413 433 4479 ²)
460 4417 531 4470 Ann-
550 4421 609 4472 lnst.
631 4423 702 4476 1844
720 4441 747 4490 p.
760 4427 806 4478 42.
826 4427 897 4477 1846
915 4441 942 4491 p.
956 4427 1009 4478 226
1018 4443 1072 4494 seq.

407 4503 431 4570 ⁸)
459 4505 538 4560 Fines
555 4514 708 4565 vocabulum
727 4516 843 4568 similare
861 4519 972 4584 scriptor
990 4517 1086 4568 omisit.
1759 4571 1762 4578 .

406 4594 432 4658 ⁴)
462 4599 561 4652 Eckhel
585 4605 610 4665 7,
636 4605 697 4656 209.
744 4605 822 4668 Quod
849 4609 967 4672 opposuit
993 4609 1130 4662 Homenus
1158 4609 1235 4662 retas.
1264 4628 1291 4677 p.
1314 4613 1348 4664 78
1375 4614 1408 4665 ab
1435 4613 1576 4666 Arvalibus
1603 4617 1655 4668 iam

330 4700 355 4738 a.
369 4689 422 4738 213
441 4689 505 4741 Mul.
520 4694 555 4744 20
577 4694 727 4759 imperatori
750 4697 888 4750 orthmari
909 4697 1188 4763 Germanice-mamma,
1214 4699 1264 4765 do)
1290 4701 1333 4765 tle)
1357 4703 1491 4768 demean!
1514 4705 1578 4757 milri
1602 4723 1656 4759 cre·

331 4777 400 4829 ditur
423 4781 515 4834 ominis
538 4783 597 4836 loco
620 4785 718 4840 aomo
743 4801 799 4840 esse
823 4795 931 4855 propter
955 4790 1051 4842 bellum
1075 4806 1138 4844 mox
1162 4791 1317 4858 patrandum
1341 4799 1367 4845 et
1388 4793 1497 4846 fortasse
1523 4797 1576 4849 iam
1601 4805 1656 4850 tum

331 4875 457 4933 coeptum.

408 4955 433 5020 ι)
461 4961 552 5014 Victor
569 4963 644 5018 Cam.
670 4967 718 5029 21,
739 4969 769 5020 2ι
794 4967 951 5020 Alemonam
971 4977 1066 5036 peluem
1087 4971 1234 5038 populorum
1256 4988 1287 5025 ea
1304 4987 1367 5041 equo
1385 4973 1490 5042 mmipice
1503 4983 1657 5043 papaoatrm

329 5060 410 5112 propa
427 5043 542 5103 Moenum
565 5071 659 5108 mrtem
682 5055 783 5112 deamo
820 5060 882 5112 vita
900 5075 923 5112 c.
936 5060 966 5112 i:
989 5061 1061 5114 eirea
1077 5059 1194 5114 Raetiam
1211 5079 1261 5114 moa
1273 5079 1375 5132 poeseos
1392 5063 1519 5118 barbarea
1536 5067 1658 5118 interemit

331 5134 469 5203 militesque
487 5155 546 5195 moa
563 5147 638 5211 quasi
655 5144 744 5202 Saliae
761 5148 853 5204 milites
870 5157 895 5202 et
912 5149 1057 5206 eotommm
1073 5159 1111 5206 eet
1128 5159 1153 5208 et
1170 5151 1283 5208 domata
1318 5157 1432 5222 Dicit,
1448 5159 1492 5212 13.
