3712 5838
577 545 875 601 oasnavnrmuns
892 548 1012 602 arma.
1031 549 1108 605 xiv.
1436 535 1509 609 277

180 740 268 800 quam
296 719 440 793 affirmet,
469 717 541 775 mihi
569 719 720 779 contraria
742 721 889 779 sententia
911 723 1005 798 magis
1026 722 1134 798 placet.
1172 719 1293 782 Scilicet
1314 742 1379 782 cum
1402 726 1432 786 in
1453 728 1508 786 im-

179 822 270 900 periis
299 821 347 880 sui
374 820 448 878 iuris
474 819 501 877 is
527 819 625 878 honor
649 837 768 900 semper
792 821 969 898 pependerit
995 842 1013 880 a
1038 823 1253 909 dominantium
1280 824 1403 885 arbitrio
1428 847 1510 888 eum-

180 943 237 1001 que
263 931 293 980 et
319 939 405 999 reges
426 921 558 996 Aegypti
587 927 617 978 11
637 921 834 998 imperatores
856 922 984 982 Romani
1012 931 1041 981 et
1067 923 1119 981 alii
1140 924 1254 1000 passim
1282 943 1351 983 cum
1373 928 1434 987 suis
1456 949 1511 1006 pro

179 1023 276 1082 lubitu
298 1021 558 1092 communicarint,
586 1039 672 1098 reges
694 1024 819 1099 imperio
841 1023 978 1081 Romano
1000 1023 1110 1082 subditi
1131 1025 1196 1083 iure
1218 1026 1381 1085 constituto
1403 1031 1510 1089 certis·

181 1143 238 1200 que
253 1125 371 1202 legibus
386 1123 473 1182 dictis
495 1141 561 1181 cum
584 1121 694 1182 italus
715 1141 903 1182 nummorum
918 1123 1117 1182 feriendorum
1138 1125 1308 1198 retinerent,
1331 1137 1363 1186 ut
1383 1129 1511 1206 impera·

180 1235 261 1284 tores
286 1225 324 1283 iis
346 1230 567 1292 concesserant,
596 1222 691 1281 libero
712 1224 842 1282 nominis
865 1224 942 1282 alins
965 1242 1055 1300 quam
1077 1225 1123 1284 sui
1146 1227 1274 1285 nummis
1296 1226 1442 1288 inferendi
1464 1251 1510 1290 ar-

180 1327 269 1385 bitrio
291 1324 428 1384 ridentur
450 1324 593 1382 caruisse.
627 1321 715 1382 Certe
731 1332 850 1400 praeter
871 1326 926 1382 has
949 1324 1109 1400 dequibus
1132 1327 1249 1404 agimus
1271 1329 1412 1390 mulieres
1433 1331 1509 1390 duac

181 1427 262 1486 solae
284 1427 314 1484 in
336 1425 465 1484 nummis
485 1442 645 1501 regnorum
667 1427 792 1501 imperio
814 1425 952 1483 Romano
975 1427 1161 1485 subditorum
1183 1438 1364 1503 comparent,
1392 1429 1509 1507 (11111-

181 1527 266 1605 pyris
281 1528 384 1604 regina
398 1544 475 1585 uxor
489 1525 671 1584 Mithridatis
685 1525 735 1583 lII
748 1526 829 1603 regis
844 1525 976 1603 Bospori
990 1529 1028 1585 ab
1043 1545 1071 1586 a.
1086 1525 1126 1584 42
1142 1526 1181 1585 ad
1196 1546 1222 1584 a
1239 1527 1289 1601 49,
1312 1546 1388 1604 quae
1403 1541 1432 1589 et
1446 1535 1513 1592 sola

181 1629 213 1685 iu
240 1628 278 1686 iis
304 1628 456 1686 invenitur
482 1635 512 1685 et
537 1645 604 1684 cum
630 1627 753 1700 marito,
783 1637 813 1685 et
839 1627 1023 1703 Tryphaena
1049 1628 1153 1703 regina
1178 1645 1255 1687 uxor
1280 1628 1455 1690 Polemonis
1481 1633 1512 1691 ll

182 1728 263 1806 regis
285 1728 390 1800 Ponti,
416 1746 495 1804 quae
520 1746 580 1785 non
606 1727 754 1785 invenitur
780 1727 837 1786 nisi
860 1745 926 1784 cum
950 1727 1071 1799 marito;
1098 1738 1130 1787 et
1155 1736 1187 1787 ut
1208 1728 1314 1786 harum
1337 1731 1404 1790 iura
1424 1734 1513 1792 facile

184 1829 222 1888 ad
244 1829 402 1906 privilegia
421 1827 555 1888 revocari
581 1837 735 1903 poterunt,
762 1828 805 1885 ita
835 1845 953 1885 summa
985 1828 1133 1886 eiusmodi
1163 1847 1350 1888 nummorum
1375 1836 1512 1908 paucitas

183 1930 237 1988 vix
258 1941 337 1989 recte
358 1930 441 1989 casui
463 1929 618 1988 tribuetur.
635 1961 673 1971 -
698 1926 786 2002 Quod
808 1929 833 1987 si
851 1926 1030 2004 Cleopatrae
1052 1929 1109 1987 hoc
1129 1946 1305 1987 concessum
1327 1940 1383 2002 est,
1406 1941 1437 1991 nt
1458 1953 1513 1993 sno

150 2099 153 2103 ,
183 2032 247 2090 1111
261 2040 409 2110 regnaret,
430 2031 495 2090 fieri
510 2038 618 2106 potest,
639 2049 706 2088 oum
722 2030 845 2088 annales
861 2026 994 2087 scribant
1007 2028 1114 2088 lubam
1135 2030 1173 2087 ab
1188 2032 1326 2106 Augusto
1347 2041 1377 2090 et
1398 2043 1514 2108 partem

183 2132 266 2210 regni
288 2133 415 2210 paterni,
440 2131 471 2190 id
493 2141 539 2190 111
560 2129 731 2202 Numidiae,
759 2131 911 2206 accepisse
939 2138 969 2188 11
989 2140 1144 2205 praeterea
1165 2148 1289 2206 regnum
1309 2132 1515 2193 Mauretaniae

184 2230 298 2306 (Strab.
323 2233 370 2306 17,
400 2234 429 2304 3,
453 2233 470 2290 7
499 2253 529 2310 p.
550 2231 624 2304 828,
651 2231 713 2291 Dio
735 2230 785 2302 53,
809 2230 879 2306 26),
908 2240 940 2288 ut
964 2231 1039 2289 illud
1061 2231 1126 2307 ipse
1154 2229 1301 2302 habuerit,
1327 2233 1384 2292 hoc
1409 2236 1513 2294 uxoris

185 2335 318 2406 nomine3
345 2332 400 2393 sed
427 2341 526 2410 potest
552 2333 642 2391 etiam
671 2331 788 2408 utrique
811 2331 930 2408 coniugi
957 2339 1051 2390 totum
1078 2348 1201 2407 regnum
1224 2335 1373 2392 communi
1394 2337 1513 2395 nomina

185 2433 287 2493 datum
310 2452 387 2493 esse.

268 2532 458 2612 Cleopatram
475 2545 544 2594 ante
558 2533 696 2592 maritum
713 2534 826 2593 obiisse
840 2533 909 2591 inde
924 2542 1050 2604 constat,
1065 2534 1145 2609 quod
1160 2541 1280 2592 anctore
1295 2533 1424 2615 Iosepho
1440 2537 1515 2612 (ant.

185 2635 252 2696 Iud.
277 2636 325 2706 17,
355 2635 403 2706 13,
424 2636 458 2706 4;
484 2636 555 2694 bell.
585 2635 648 2693 lud.
677 2633 706 2706 2,
734 2634 763 2706 7,
790 2635 825 2712 4)
851 2633 1011 2711 Glaphyra
1036 2633 1099 2691 lilla
1125 2634 1266 2692 Archelai
1293 2637 1373 2714 regis
1396 2635 1515 2713 (lappa-

185 2736 289 2796 dociae
321 2735 459 2795 defuucto
487 2737 583 2812 primo
616 2736 722 2794 marito
749 2735 924 2794 Alexandro
952 2733 1085 2793 Herodis
1119 2735 1180 2792 111ο
1206 2736 1309 2810 nupsit
1333 2737 1427 2796 Iubae
1453 2741 1517 2816 regi

185 2837 390 2896 Mauretaniae
411 2828 510 2912 (Ἰόβᾳ
530 2838 585 2892 τῶν
606 2826 724 2899 Λιβύων
744 2827 894 2912 Barcaei).
924 2834 1078 2894 interemit
1091 2845 1190 2894 autem
1205 2836 1412 2896 Alexandrum
1433 2850 1519 2915 pater

186 2937 324 2998 Herodes
338 2939 421 2997 brevi
436 2947 568 3015 tempore
591 2945 660 2994 ante
675 2954 764 3012 quam
787 2937 850 3013 ipse
872 2943 1007 2995 mortuus
1030 2943 1075 2993 eet
1097 2954 1125 2992 a.
1140 2956 1167 2994 u.
1183 2954 1208 2994 c.
1226 2935 1302 3008 75ος
1323 2948 1394 3014 post
1413 2959 1440 2998 a.
1457 2941 1474 2998 7
1478 2942 1517 2999 50

187 3040 280 3116 igitur
294 3037 452 3116 Glaphyra
465 3037 595 3097 secundo
610 3037 801 3096 matrimonio
817 3037 952 3095 vacabat.
985 3035 1121 3111 Quocum
1137 3037 1284 3107 convenit,
1308 3039 1389 3113 quod
1403 3044 1516 3099 nummi

188 3141 240 3216 qui
272 3140 311 3197 nd
337 3139 517 3216 posteriores
542 3138 636 3196 Iubae
668 3154 764 3196 annos
791 3139 942 3215 pertinent
967 3134 1148 3212 Cleopatrae
1175 3155 1282 3196 nomen
1308 3155 1367 3196 non
1393 3151 1516 3214 ponunt.

190 3239 312 3302 Scilicet
332 3257 471 3298 nummos
493 3239 558 3296 eius
573 3257 683 3296 annum
704 3239 788 3316 regni
811 3239 999 3297 enuntiantes
1019 3255 1086 3295 cum
1109 3253 1168 3293 non
1183 3237 1346 3296 habeamus
1366 3237 1425 3296 nisi
1447 3241 1519 3298 anui

189 3341 234 3401 VI
258 3351 288 3400 et
315 3342 354 3400 ab
381 3358 459 3398 anno
481 3338 592 3398 XXXI
619 3338 657 3397 ad
679 3337 833 3412 XLVIII,
860 3339 945 3398 illum
966 3336 1037 3396 anni
1059 3336 1149 3407 sexti,
1175 3336 1206 3394 id
1228 3345 1275 3394 est
1295 3355 1323 3395 a.
1346 3357 1375 3396 1.
1397 3355 1422 3397 c.
1446 3340 1517 3412 734,

189 3444 345 3519 utriusque
367 3441 501 3518 coniugis
523 3459 632 3498 nomen
654 3439 765 3499 habere
781 3439 869 3498 modo
885 3439 1023 3510 vidimus,
1045 3437 1075 3496 in
1098 3436 1223 3512 reliquis
1237 3438 1318 3497 cusis
1339 3456 1419 3496 anno
1433 3441 1518 3516 regni

189 3543 320 3615 XXXI,
351 3561 380 3601 1.
406 3559 431 3600 c.
461 3541 521 3600 759
548 3547 578 3599 11
604 3541 743 3617 deinceps
771 3541 856 3598 solus
883 3539 959 3598 Iuba
985 3537 1169 3608 nominatur,
1201 3539 1369 3613 erravitque
1396 3541 1518 3599 omnino

191 3643 369 3715 Muellerus,
396 3661 463 3701 cum
484 3662 513 3719 p.
537 3640 739 3717 10810sephi
765 3641 936 3701 testimonio
962 3640 1098 3719 neglecto
1123 3647 1214 3713 caput
1241 3637 1385 3698 muliebre
1406 3640 1437 3698 in
1459 3659 1520 3700 uno

191 3763 295 3805 eornm
317 3744 386 3802 anni
400 3742 513 3802 XXXI
533 3742 720 3818 propositum
741 3741 860 3800 nomine
880 3741 966 3800 nullo
987 3739 1138 3816 adscripto
1160 3737 1198 3796 ad
1215 3736 1406 3816 Cleopatram
1428 3747 1521 3800 rettu-

190 3843 335 3923 111).-
365 3842 540 3920 Glaphyrae
561 3841 736 3901 tribuendus
760 3852 807 3902 est
828 3843 933 3902 titulus
954 3840 1083 3901 Athenis
1111 3839 1142 3897 in
1168 3857 1237 3898 arce
1261 3849 1398 3918 repertus
1424 3841 1520 3900 adhuc

192 3947 331 4019 ineditus,
345 3964 434 4022 quem
449 3964 488 4003 ex
499 3942 688 4003 collectaneis
699 3941 912 4002 Kochlerianis
927 3961 1041 4003 mecum
1056 3940 1285 4000 communicavit
1295 3939 1521 4020 Dittenberger:

758 4073 968 4147 litterarium

744 4177 946 4246 erraterrat

679 4276 930 4349 1111101111

754 4381 885 4436 riusa<

196 4883 209 4912 ⁵
274 4877 298 4940 ¹)
323 4876 447 4929 Aliredus
464 4874 547 4928 Sallet
564 4873 599 4926 ad
616 4887 659 4924 me
677 4870 779 4936 scripsit
797 4877 873 4936 eaput
891 4869 941 4920 hoc
953 4869 1030 4934 longe
1048 4868 1168 4920 recedere
1187 4869 1218 4920 ab
1232 4870 1344 4936 imagine
1358 4869 1520 4936 Cleopatrae,

197 4968 300 5039 qualem
319 4970 458 5020 exhibeant
475 4965 573 5018 nnrnmi
593 4965 664 5026 certi,
683 4962 783 5028 sibique
802 4962 867 5013 adeo
885 4962 960 5012 virile
978 4962 1061 5026 magis
1081 4961 1162 5012 videri
1181 4962 1265 5014 simile
1284 4963 1362 5028 capiti
1381 4962 1524 5015 Ptolemaei

198 5073 230 5114 eo
250 5061 320 5127 quod
338 5063 450 5112 cernitur
470 5061 496 5110 iu
516 5057 623 5111 denario
642 5071 668 5106 n.
690 5055 741 5106 105
760 5055 841 5106 lubae
860 5060 885 5103 11
903 5052 1055 5104 Ptolemaei.

195 4524 240 4582 sic
261 4522 368 4599 opinor
388 4516 602 4578 restituendus:

196 4739 400 4752 W

1283 5140 1322 5200 20
