3712 5838
666 559 846 612 mnenon.
866 559 1071 612 aavamvn.
1431 539 1503 612 237

175 735 247 792 item
279 732 418 791 oculatus
451 729 618 808 Dionysius
652 730 736 806 (post
768 749 795 788 a.
819 731 893 807 747)
925 732 1066 790 refectam
1100 733 1219 792 stetisse
1250 732 1363 791 eisdem
1395 734 1505 810 quibus

178 842 298 894 vetusta
312 832 448 911 vestigiis
464 864 502 874 -
518 849 587 888 nam
609 833 667 889 hoc
688 831 769 903 dicit,
792 850 859 890 cum
881 832 1012 890 affirmat
1026 832 1199 890 Romuliani
1215 834 1318 909 templi
1332 828 1363 891 m*
1381 829 1506 916 ἀρχαῖον

177 926 262 1011 ἴχνος
283 935 374 992 etiam
397 940 458 990 tum
482 931 684 1007 comparuisse
706 931 736 1003 2,
758 933 798 991 34
820 933 858 991 ct.
880 932 999 990 Hermes
1015 933 1043 1004 7,
1064 932 1121 991 201
1138 966 1180 978 -
1201 935 1267 1009 quis
1290 935 1410 1011 negabit
1430 935 1506 994 hauc

178 1053 244 1095 esse
271 1054 337 1094 eam
366 1033 469 1092 aedem
496 1051 584 1108 quam
604 1035 711 1107 sectsae
739 1039 864 1092 testetur
888 1031 1065 1108 Augustus?
1096 1035 1155 1092 iam
1182 1036 1209 1093 ai
1235 1035 1292 1094 hoc
1319 1046 1431 1096 certum
1459 1045 1507 1096 cst

178 1155 274 1212 neque
288 1135 359 1193 ullis
374 1134 609 1204 dubitationibus
632 1134 807 1205 obnoxium,
830 1151 883 1190 cur
904 1132 982 1191 idem
1004 1136 1151 1210 pertinere
1171 1137 1328 1213 negaveris
1350 1138 1388 1195 ad
1410 1139 1507 1198 aedem

179 1237 260 1295 mum
280 1237 429 1294 Penatium
449 1239 480 1292 in
502 1234 593 1305 Velio,
625 1234 797 1310 quantoe
823 1235 943 1292 nomine
969 1243 999 1292 et
1024 1235 1055 1292 in
1078 1237 1246 1312 Argeorum
1273 1239 1367 1296 sacris
1388 1239 1506 1298 circiter

180 1343 266 1396 sexto
282 1337 403 1396 saeculo
425 1335 603 1411 conscriptis
626 1333 668 1410 (v.
686 1335 757 1412 Tap.
773 1334 802 1406 2,
819 1333 894 1409 268)
916 1342 946 1392 ct
967 1335 998 1391 iu
1019 1335 1156 1412 catalogo
1177 1336 1380 1413 prodigiorum
1401 1340 1506 1398 talium

179 1456 279 1496 rerum
301 1445 377 1496 teste
398 1436 546 1494 fidissimo
567 1435 605 1493 ad
627 1454 672 1494 aa.
690 1433 760 1493 587.
783 1433 842 1496 589
866 1433 948 1509 (Liv.
965 1435 1015 1506 45,
1038 1436 1075 1494 16
1099 1436 1212 1512 Obscq.
1234 1437 1318 1513 prod.
1337 1439 1389 1514 13)
1413 1443 1506 1499 nomi·

181 1545 282 1597 natam
303 1538 493 1597 invenimus?
522 1555 576 1594 cur
596 1556 656 1595 non
679 1537 717 1594 ad
739 1537 835 1594 aedem
849 1534 962 1592 Larum
981 1538 1013 1592 iu
1035 1555 1143 1596 summu
1158 1556 1243 1596 sacro
1256 1542 1314 1609 uio,
1337 1556 1426 1614 quam
1448 1559 1508 1599 non

181 1639 277 1699 solum
292 1640 333 1699 ibi
348 1639 442 1698 luisse
458 1637 585 1697 Ovidius
600 1637 620 1695 f.
638 1637 666 1710 6,
683 1637 740 1696 791
759 1637 831 1695 dicit
844 1669 885 1679 -—
900 1654 1080 1712 quamquam
1096 1638 1122 1695 is
1136 1639 1269 1716 Augusti
1283 1649 1507 1700 mouumentum

180 1739 255 1797 vidit
276 1775 314 1785 -
338 1741 552 1799 verumetiam
579 1739 658 1797 idem
683 1738 889 1815 prodigiorum
916 1737 1071 1815 catalogus
1101 1737 1138 1796 ad
1160 1757 1186 1797 a.
1210 1739 1270 1798 648
1297 1751 1509 1802 commemorat

181 1839 310 1917 (Obseq.
333 1859 359 1899 c.
381 1842 451 1916 41):
484 1846 514 1898 iu
540 1842 609 1898 aede
630 1839 742 1896 Larum
760 1841 881 1915 flammo
907 1857 927 1897 e
941 1841 1065 1914 fastigio
1092 1840 1132 1896 od
1151 1857 1288 1898 sumtuum
1313 1843 1439 1902 columen
1456 1863 1507 1919 pe·

179 1945 302 2000 nouauit
315 1946 442 2000 inaucta.
480 1941 595 2001 scilicet
615 1941 711 2000 futilis
733 1948 779 1999 est
800 1939 933 2016 opinatio
954 1940 1032 1998 banc
1054 1957 1121 1998 esse
1143 1940 1180 1997 ab
1203 1959 1239 1998 ca
1258 1959 1348 2017 quam
1370 1945 1507 2004 novimus

180 2041 340 2101 diversam.
363 2043 491 2119 denique
507 2043 617 2102 scimus
631 2041 796 2100 Iuventatis
812 2041 914 2100 aedem
929 2041 961 2098 in
976 2040 1055 2098 circo
1071 2041 1202 2099 maximo
1216 2049 1246 2098 et
1261 2042 1367 2101 Matris
1382 2063 1508 2120 magnae

181 2143 213 2201 in
234 2143 352 2202 Palatio
376 2144 480 2204 eodem
503 2163 529 2201 a.
547 2142 605 2202 563
630 2143 782 2200 dedicatas
804 2159 872 2200 esse
894 2141 977 2216 (Liv.
993 2140 1043 2213 36,
1059 2141 1123 2216 36),
1146 2151 1180 2200 ut
1201 2160 1308 2202 caecus
1330 2145 1370 2202 sit
1391 2155 1509 2222 oportet

181 2244 254 2318 quin
280 2245 380 2304 videat
406 2246 460 2303 has
488 2261 607 2321 quoque
634 2244 671 2302 ab
693 2245 832 2320 Augusto
859 2241 985 2302 relectas
1012 2253 1041 2300 et
1067 2243 1125 2301 hoc
1147 2243 1213 2302 loco
1235 2252 1357 2320 propter
1376 2247 1507 2304 natalem

182 2346 306 2405 eundem
329 2346 401 2406 olim
423 2353 578 2422 acceptum
602 2344 732 2403 sociatas
755 2361 832 2402 esse.
870 2351 988 2421 praeter
1007 2343 1109 2402 Iovem
1130 2351 1282 2403 tonantem
1300 2345 1401 2422 igitur,
1427 2349 1508 2424 quod

181 2464 288 2504 nomen
314 2449 352 2506 ab
374 2448 514 2523 Augusto
535 2446 632 2522 primo
655 2452 862 2505 consecratum
884 2444 1107 2516 videturesse,
1135 2445 1357 2521 relinquuntur,
1384 2447 1421 2505 dc
1443 2451 1507 2526 qui-

181 2547 238 2606 bus
266 2548 366 2624 possit
391 2547 535 2619 dubitari,
566 2546 686 2621 Quirini
712 2554 742 2606 et
767 2547 921 2604 Minervae
952 2565 1019 2604 cum
1044 2546 1107 2604 auis
1134 2545 1207 2604 Iove
1236 2554 1266 2605 et
1290 2546 1412 2608 lunone.
1455 2550 1508 2609 sed

182 2647 219 2706 de
240 2648 296 2706 hoc
318 2648 385 2724 ipso
407 2649 604 2708 Auentinensi
627 2647 708 2723 quod
730 2651 836 2724 putant
857 2645 1007 2724 Capitolio
1029 2647 1118 2721 paulo
1140 2647 1225 2706 aliter
1247 2648 1401 2708 existimo:
1430 2668 1508 2727 nego

182 2748 255 2808 deos
272 2747 460 2826 Capitolinos
481 2751 523 2808 ibi
546 2769 606 2807 una
628 2748 700 2807 aede
722 2748 870 2825 tripertita
891 2747 987 2805 cultos
1010 2765 1088 2819 esse,
1110 2748 1238 2822 primum
1258 2749 1340 2823 quod
1353 2749 1509 2826 Augustus

182 2868 241 2908 nou
264 2853 360 2909 oedem
382 2852 433 2910 sed
456 2853 539 2910 aedes
563 2851 650 2922 dixit,
673 2848 781 2908 deinde
802 2848 883 2924 quod
905 2848 995 2905 trium
1017 2848 1170 2906 numinum
1192 2847 1282 2906 aedes
1302 2849 1334 2906 in
1357 2849 1509 2909 Aventino

182 2961 251 3009 ante
273 2954 446 3028 Augustum
472 2953 569 3012 luisse
595 2960 624 3009 et
650 2951 785 3009 diversos
813 2949 928 3008 natales
950 2949 1060 3007 habere
1082 2956 1209 3020 constat,
1234 2949 1387 3008 Minervae
1409 2959 1510 3011 autem

182 3051 285 3111 aedem
308 3061 376 3129 post
398 3055 568 3130 Augustum
590 3069 648 3110 non
672 3051 779 3109 cellam
802 3049 854 3109 sed
876 3049 978 3108 aedem
1006 3049 1098 3107 fuisse
1121 3057 1274 3124 superstes
1293 3051 1391 3125 ipsius
1413 3052 1510 3112 forma

183 3153 277 3212 docet.
314 3155 411 3212 tenuis
434 3173 506 3212 sane
528 3163 574 3212 est
594 3153 738 3210 memoria
751 3152 831 3209 louis
848 3151 1002 3208 libertatis:
1026 3149 1080 3206 sed
1097 3156 1193 3206 tamen
1215 3151 1302 3208 facile
1322 3169 1357 3209 eo
1377 3153 1509 3213 adducor

182 3263 216 3312 ut
243 3254 378 3326 credam,
411 3255 481 3312 huic
506 3255 566 3329 ipsi
596 3253 667 3324 deo,
700 3269 788 3326 quem
816 3251 881 3308 Ioui
900 3249 1020 3324 sulpuri
1050 3249 1244 3325 hemerologii
1271 3251 1430 3310 Arvalium
1457 3255 1508 3312 alii

183 3364 394 3432 compararunt
414 3356 552 3431 titulique
573 3359 670 3412 aetate
690 3352 803 3410 liberae
824 3351 868 3408 rei
889 3350 1029 3426 publicae
1051 3349 1162 3407 cultum
1185 3367 1252 3408 esse
1273 3350 1389 3422 docent,
1413 3351 1508 3411 Grac·

183 3456 271 3515 chum
292 3476 319 3514 a.
336 3457 397 3515 516
419 3474 480 3516 cos.
504 3455 603 3514 sedem
627 3471 762 3530 parasse,
784 3451 948 3510 Libertatis
970 3457 1069 3508 autem
1092 3468 1200 3508 nomen
1214 3469 1269 3526 pro
1291 3451 1423 3527 pleniore
1445 3453 1508 3512 sive

182 3555 263 3615 Livii
286 3557 336 3628 24,
361 3557 397 3615 16
419 3557 482 3615 sive
502 3556 606 3615 librari
628 3555 761 3613 incuriae
783 3552 894 3622 deberi,
921 3569 988 3608 cum
1013 3551 1189 3625 praesertim
1210 3549 1373 3611 Libertatis
1399 3554 1507 3612 atrium

183 3660 271 3718 toties
305 3666 566 3718 commemoratum
600 3674 732 3714 errorem
763 3653 851 3712 facile
883 3668 1040 3728 procreare
1071 3651 1210 3727 potuerit.
1258 3651 1363 3710 deinde
1389 3654 1508 3712 Iunonia

182 3763 300 3836 reginae
320 3759 423 3818 aedem
445 3757 653 3818 Camillianam
675 3757 706 3814 in
730 3754 881 3812 Aventino
903 3769 1006 3810 omnes
1029 3761 1138 3810 norunt
1158 3751 1239 3827 (Liv.
1260 3752 1289 3824 5,
1314 3752 1362 3810 21.
1380 3751 1428 3812 22.
1443 3753 1508 3830 23),

183 3878 354 3937 quanquam
375 3861 556 3936 aliquotiens
582 3859 671 3916 huius
697 3856 780 3916 aedis
806 3853 962 3913 historiam
988 3871 1054 3912 cum
1075 3854 1199 3911 lunonis
1221 3853 1355 3930 Reginae
1375 3855 1406 3911 in
1429 3856 1509 3914 circo

184 3961 334 4020 Flaminio
361 3961 481 4019 condita
507 3980 534 4017 a.
558 3959 617 4020 575
640 3958 795 4016 contusam
817 3955 1008 4032 deprehendi,
1033 3961 1066 4012 ut
1091 3955 1170 4031 apud
1196 3955 1363 4013 Beckerum
1388 3974 1417 4032 p.
1436 3955 1508 4014 452.

184 4061 224 4121 ad
244 4063 322 4120 hanc
343 4063 421 4120 enim
443 4061 545 4120 aedem
561 4079 588 4118 a.
605 4060 664 4118 575
687 4058 853 4117 dedicatam
873 4059 1023 4134 pertinent
1043 4055 1179 4133 prodigia
1200 4074 1246 4114 aa.
1263 4055 1333 4116 592.
1351 4054 1419 4115 620.
1437 4055 1508 4115 621.

185 4162 256 4222 655.
280 4162 339 4221 657
361 4163 398 4221 ab
421 4162 610 4238 Obsequeute
632 4180 657 4219 c.
676 4160 724 4218 16.
741 4157 790 4216 27.
807 4158 855 4216 46.
871 4159 912 4217 43
933 4158 1038 4228 relata,
1065 4158 1174 4234 quibus
1196 4165 1308 4216 attente
1330 4157 1509 4216 examinatis

184 4282 251 4322 eam
278 4263 382 4323 a'edem
409 4264 505 4340 magis
533 4261 690 4338 magisque
717 4261 804 4336 quasi
833 4259 1000 4317 effloruisse
1026 4258 1170 4329 invenies,
1202 4276 1268 4315 cum
1294 4259 1510 4318 Auentinensis

185 4364 301 4423 delubri
327 4365 470 4423 memoria
496 4363 617 4422 saeculo
645 4363 773 4440 septimo
800 4360 964 4420 delitescat.
1007 4358 1137 4416 natalem
1162 4357 1246 4416 Iovis
1267 4358 1450 4434 Iunoniaque
1478 4359 1510 4415 in

185 4465 337 4524 Aventino
359 4465 484 4524 eundem
504 4463 596 4524 tuisse
618 4462 853 4539 hemerologium
874 4459 1030 4517 Arvalium
1051 4458 1168 4516 videtur
1187 4459 1292 4516 testari
1312 4456 1350 4514 ad
1376 4457 1389 4512 1
1412 4455 1508 4531 Sept:

185 4565 249 4625 loci
268 4567 375 4625 Iunoni
396 4569 426 4624 iu
446 4565 595 4624 Aventino.
639 4563 731 4639 (quae
757 4563 849 4620 verba
876 4560 907 4617 in
934 4559 1026 4616 litura
1052 4558 1153 4633 posita
1180 4564 1249 4614 aunt
1277 4556 1436 4614 subiuncta
1461 4556 1509 4615 his

185 4665 250 4726 Ioui
281 4669 391 4725 tonanti
421 4669 452 4724 in
486 4664 656 4741 Capitolio).
707 4680 777 4720 uam
809 4660 888 4718 falso
919 4659 1003 4716 Iovis
1035 4658 1168 4716 natalem
1198 4656 1314 4715 dixisse
1344 4655 1511 4714 Beckerum

185 4768 264 4843 Aug.
289 4768 326 4825 13
356 4767 430 4825 vidit
455 4767 624 4825 Mommsen
649 4764 689 4823 ib.
716 4783 745 4839 p.
766 4761 837 4820 399.
883 4766 979 4818 restat
1003 4757 1093 4818 aedes
1118 4757 1271 4816 Minervae
1297 4756 1417 4816 condita
1443 4764 1511 4814 ante

185 4887 213 4927 a.
229 4867 288 4926 547
313 4867 411 4943 (Fest.
432 4888 462 4945 p.
479 4868 537 4926 333
561 4867 598 4925 cl.
619 4865 686 4925 Liv.
710 4862 760 4936 27,
782 4862 845 4937 37).
879 4861 911 4920 in
929 4860 1092 4918 formarum
1113 4857 1195 4916 urbis
1210 4857 1325 4916 Romae
1337 4856 1512 4932 fragmentis

186 4965 367 5045 Capitolinis
383 4978 403 5028 t.
418 4967 435 5026 1
450 4969 525 5027 Bell.
548 4975 631 5026 extat
650 4967 750 5042 imago
771 4961 854 5022 aedis
875 4961 1042 5038 peripterae
1063 4959 1241 5036 hexastylae
1262 4958 1310 5017 cui
1328 4956 1512 5032 adscriptum

185 5067 351 5130 Mineruae.-
382 5070 499 5130 adiacet
523 5069 658 5146 porticus
684 5083 794 5143 magna
819 5062 866 5122 cui
892 5062 1075 5138 adscriptum
1105 5060 1283 5137 Goratlicla.
1306 5101 1314 5117 .
1340 5059 1418 5117 hanc
1443 5074 1513 5116 esse

186 5169 323 5249 [domum]
350 5169 543 5250 Cormflciqe]
569 5169 689 5248 regione
710 5165 775 5228 XII
803 5165 841 5226 ad
867 5163 1026 5226 confinium
1051 5161 1164 5242 primae
1185 5161 1274 5222 sitam
1295 5167 1414 5240 praeter
1433 5159 1512 5219 alios
