3736 5822
541 495 839 564 ossuuvsrronus
856 497 976 549 neren.
995 497 1048 550 111.
1068 498 1118 550 ιι.
1444 483 1491 556 st

162 597 316 610 —a-

159 669 223 747 nis)
245 667 363 746 aliquot
384 676 414 726 et
433 667 608 746 Hispanicis
630 667 777 728 Alionsus
799 667 925 728 Castrus
947 669 1102 747 Hispanus
1114 671 1157 748 ¹):
1180 671 1210 730 in
1224 671 1351 735 Gallicis
1371 678 1493 754 quidum

160 772 324 830 canonicus
340 769 554 846 Lugdunensis
576 778 606 827 et
619 769 769 828 Minucius
790 779 876 846 pater
890 770 1036 830 Tolosae:
1059 773 1090 829 in
1106 771 1293 834 Germanicis
1308 778 1493 856 Mogentinis

159 873 264 931 nescio
286 872 365 948 quis.
402 869 511 928 Fertur
533 869 678 947 Cyriacus
700 871 908 929 Anconitanus
928 870 1107 931 Latinorum
1126 872 1370 958 Graecorumque
1390 880 1494 940 huius·

160 974 244 1032 modi
270 973 519 1051 epigrammatum
548 971 890 1030 volumeu‘consecisse.
934 973 1020 1032 Ferri
1047 992 1118 1032 vero
1144 995 1203 1034 non
1233 985 1334 1052 potest
1360 982 1492 1040 auctoris

159 1074 231 1132 libri
257 1072 362 1131 Italice
391 1073 496 1148 scripti
522 1072 609 1130 titulo
635 1072 931 1148 Hypnerotomachia
952 1073 1096 1150 Poliphili
1126 1077 1267 1150 audacia,
1298 1081 1350 1155 qui
1377 1089 1422 1140 tot
1449 1084 1495 1140 in·

160 1174 342 1251 scriptiones
362 1172 489 1230 Latinas
510 1180 540 1230 et
562 1171 695 1232 Graecas
716 1173 870 1232 confinxit.
908 1173 1069 1234 Florianus
1091 1176 1244 1254 Ocampus
1266 1179 1317 1255 qui
1338 1181 1492 1242 historiam

159 1274 332 1350 Hispaniae
359 1275 492 1351 scripsit,
520 1274 627 1332 dicitur
654 1293 758 1333 omnes
780 1275 948 1351 Hispaniae
969 1285 1086 1336 veteres
1112 1279 1320 1354 inscriptiones
1348 1283 1493 1344 inunum

160 1375 304 1436 volumen
330 1373 557 1452 congessisset)
584 1383 614 1432 et
640 1375 684 1432 Io.
712 1377 881 1434 Aventinus
904 1379 996 1436 totius
1020 1375 1218 1438 Germaniae’.
1261 1381 1305 1439 Et
1323 1393 1393 1459 post
1417 1386 1496 1445 ulie.-

160 1475 238 1554 ‘Ego
260 1485 339 1535 certe
354 1478 407 1535 vix
428 1476 516 1535 fidem
538 1476 666 1534 adhibeo
687 1476 759 1548 illis,
780 1494 858 1553 quae
879 1479 942 1553 qui,
964 1487 1123 1556 postquam
1145 1480 1226 1539 edita
1246 1482 1375 1557 luerunt,
1398 1505 1434 1544 ea
1455 1505 1494 1545 ex

160 1579 239 1654 ipsis
263 1577 347 1636 saxis
370 1577 516 1649 correxit,
542 1595 602 1634 non
623 1577 713 1648 vidit3
744 1577 874 1637 maxime
894 1579 1003 1654 quibus
1025 1581 1084 1639 loci
1106 1582 1261 1659 inscriptio
1283 1584 1377 1645 deest.
1419 1588 1495 1648 Inde

163 1679 242 1737 enim
270 1679 470 1737 coniecturam
496 1677 574 1736 facio
601 1678 680 1736 hunc
706 1678 816 1737 librum
845 1697 885 1738 ex
914 1680 1056 1755 quopiam
1084 1683 1195 1741 recenti
1222 1684 1338 1759 codice,
1367 1707 1426 1746 non
1454 1709 1493 1748 ex

163 1779 239 1856 ipsis
262 1780 346 1838 saxis
367 1780 565 1855 exscriptum:
593 1779 720 1838 fortasse
741 1799 781 1838 ex
803 1778 950 1870 carpensi
970 1783 1074 1840 codice
1095 1793 1125 1841 et
1146 1783 1256 1859 altero,
1277 1797 1310 1845 ut
1330 1789 1494 1866 deprehen·

165 1876 279 1939 dimus'.

395 2250 451 2310 1v.
498 2248 781 2310 GRAMMATICA
802 2251 862 2310 Ex
883 2248 1010 2312 ACTIS
1032 2251 1265 2312 ARVALIVM.

251 2395 440 2472 Quamquam
475 2397 713 2474 grammatistae„
726 2395 765 2466 ii,
800 2396 851 2470 qui
880 2397 918 2454 ad
945 2395 1155 2475 inscriptiones
1183 2417 1301 2476 quoque
1330 2402 1497 2478 attendunt,

170 2499 296 2558 fortasse
323 2497 391 2575 plus
418 2497 519 2556 damni
539 2496 659 2556 Latinis
686 2495 795 2556 litteris
821 2496 985 2555 attulerunt
1005 2517 1096 2574 quam
1118 2499 1256 2560 utilitatis
1285 2501 1396 2578 (solent
1417 2506 1496 2564 enim

168 2610 291 2678 propter
311 2599 503 2658 instrumenti
523 2598 706 2676 epigraphici
729 2598 929 2674 ignorantiam
950 2599 1028 2658 male
1048 2599 1127 2658 lecta
1148 2608 1178 2658 et
1196 2601 1316 2677 plebeia
1330 2612 1360 2663 et
1375 2605 1497 2665 omuino

168 2701 285 2761 inutilia
311 2701 499 2778 potissimum
524 2718 684 2776 excerpere
711 2708 740 2758 et
767 2707 800 2757 ut
826 2699 934 2758 medici
955 2699 1084 2775 imperiti
1106 2719 1213 2761 nocere
1234 2703 1310 2781 ipsis
1330 2706 1496 2782 remediis),

168 2822 239 2863 cura
267 2803 435 2862 adhibenda
463 2810 523 2872 est,
554 2821 591 2859 ne
616 2809 739 2878 propter
763 2819 866 2858 eorum
895 2819 1012 2860 errores
1038 2801 1265 2880 inscriptionum
1291 2803 1322 2861 in
1350 2805 1497 2866 eiusmodi

168 2905 430 2982 disquisitionibus
452 2903 613 2962 auctoritas
636 2911 842 2960 contemnatur
863 2901 911 2960 sel
931 2901 1100 2960 infametur.
1139 2903 1176 2961 Id
1199 2912 1299 2963 autem
1319 2905 1351 2964 in
1373 2924 1409 2966 eo
1431 2925 1497 2966 ver·

168 3007 250 3079 titur,
272 3015 306 3065 ut
325 3005 453 3082 primum
474 3021 585 3080 genera
604 3004 835 3078 inscriptionum
856 3010 937 3061 recte
958 3004 1161 3078 aestimentur,
1183 3005 1214 3062 id
1233 3015 1280 3064 est
1293 3007 1412 3066 reiectis
1428 3007 1499 3066 titu-

167 3107 206 3167 lis
229 3105 379 3182 corruptis
401 3114 431 3164 et
452 3105 561 3176 dubiis,
584 3103 635 3180 qui
657 3104 688 3160 in
709 3103 849 3162 omnibus
871 3103 1010 3182 syllogia,
1032 3105 1122 3162 etiam
1143 3106 1312 3166 recentibus
1328 3109 1409 3167 etad
1425 3109 1499 3168 artis

167 3209 249 3285 leges
271 3207 414 3284 expolitis
437 3206 590 3265 abundent
610 3221 734 3264 necesse
756 3212 803 3263 est
824 3204 908 3279 (nam
928 3205 961 3262 in
981 3205 1144 3282 deperditis
1161 3207 1209 3265 vel
1231 3207 1282 3283 qui
1304 3219 1375 3267 sunt
1398 3228 1498 3268 acces-

169 3326 220 3369 sus
241 3308 420 3367 difficilioria
438 3306 605 3386 pendemus
628 3306 666 3364 ab
687 3305 857 3364 auctoribus
878 3305 1055 3381 plerumque
1076 3323 1131 3363 nec
1152 3307 1231 3366 notIs
1254 3309 1329 3366 satis
1352 3327 1407 3367 nec
1423 3311 1497 3369 satis

167 3409 297 3489 peritis),
319 3409 371 3484 qui
391 3415 505 3467 restant
524 3407 662 3466 lectionis
684 3414 782 3465 certae
802 3413 832 3463 et
845 3405 1019 3481 exploratae
1034 3405 1072 3464 ad
1087 3423 1197 3483 genera
1211 3417 1384 3484 aetatesque
1399 3409 1497 3468 distri·

169 3513 308 3572 buantur.
348 3507 429 3568 Nam
451 3509 512 3568 alis
532 3509 610 3566 ratio
632 3513 678 3566 est
698 3506 922 3580 auctoritasque
943 3506 1063 3564 diversa
1083 3506 1237 3564 titulorum
1258 3508 1448 3583 publicorum
1470 3519 1500 3568 et

168 3613 364 3690 privatorum,
378 3611 557 3668 urbanorum
572 3617 602 3667 et
611 3608 785 3667 Italicorum
799 3616 830 3666 et
843 3605 1081 3682 provincialium,
1095 3608 1297 3685 proiectorum
1313 3608 1497 3668 anobilibua

170 3713 354 3788 eruditisque
381 3711 551 3770 hominibus
578 3717 608 3767 et
633 3709 837 3787 plebeiorum,
865 3707 896 3766 in
921 3707 969 3765 his
997 3709 1086 3786 longe
1114 3708 1233 3766 diversa
1258 3727 1363 3768 rursus
1386 3726 1499 3782 eorum,

169 3832 246 3892 quos
270 3814 457 3872 dictaverunt
478 3810 614 3870 homines
635 3829 675 3869 ex
696 3810 782 3887 plebe
804 3810 918 3867 urbana
932 3807 1125 3868 Graecanicis
1147 3817 1179 3868 ut
1200 3811 1332 3870 moribus
1353 3809 1395 3869 ita
1416 3811 1497 3870 locu·

169 3916 303 3976 tionibus
325 3913 434 3973 affecta
453 3931 590 3990 quosque
610 3911 712 3970 rustici
733 3910 765 3968 in
779 3910 858 3970 villis
881 3909 1066 3986 saltibusque
1079 3911 1187 3969 Italiae
1201 3911 1343 3988 degentes
1357 3911 1406 3970 vel
1421 3930 1501 3970 cam·

170 4027 287 4097 pestres
309 4015 432 4074 litterati
447 4015 494 4072 vel
516 4013 710 4073 semibarbari
724 4013 755 4070 in
770 4011 932 4088 provinciis
948 4012 1071 4070 remotis
1085 4011 1134 4070 vel
1149 4011 1238 4070 etiam
1255 4009 1389 4071 Graecae
1404 4013 1499 4090 partis

177 4118 295 4197 imperii
321 4115 472 4187 homines,
499 4116 552 4192 qui
571 4113 673 4173 Latini
699 4113 846 4174 sermonis
869 4113 915 4170 ius
937 4113 1034 4189 magis
1056 4130 1146 4188 quam
1168 4130 1256 4171 nsum
1277 4113 1500 4190 impetrassent,
1607 4109 1611 4116 '

171 4217 346 4279 incidendos
369 4223 556 4276 curaverunt.
591 4215 731 4291 Denique
754 4233 823 4273 cum
843 4212 923 4271 tituli
936 4211 1038 4272 Latini
1059 4214 1131 4272 anni
1151 4215 1224 4272 certi
1239 4221 1310 4273 nota
1324 4213 1500 4290 plerumque

175 4321 374 4379 destituantur
395 4326 425 4375 et
446 4317 622 4394 saepissime
644 4316 675 4374 in
696 4334 732 4374 eo
754 4314 1005 4390 adquiescendum
1028 4313 1082 4385 sit,
1109 4321 1142 4373 ut
1162 4314 1266 4372 titulos
1289 4322 1359 4372 ante
1379 4314 1501 4374 Diocle·

175 4422 286 4480 tionum
313 4419 441 4496 scriptos
468 4437 488 4476 a
512 4416 626 4476 saeculi
654 4417 753 4492 quarti
779 4425 808 4474 et
833 4414 973 4491 deinceps
994 4415 1194 4473 monumentis
1217 4431 1338 4490 separes
1360 4413 1443 4490 (nam
1464 4411 1502 4470 ad

176 4537 227 4580 eos
241 4520 316 4579 flues
330 4519 419 4597 longe
432 4519 553 4596 plurimi
568 4526 649 4577 certo
663 4517 758 4597 redigi
772 4515 925 4595 possunt),
943 4533 1016 4574 cura
1029 4513 1200 4572 adhibenda
1214 4525 1269 4584 est,
1289 4523 1323 4571 ut
1337 4533 1374 4571 ex
1389 4511 1504 4588 ingenti

177 4621 262 4679 turba
283 4638 409 4698 corpora
430 4619 576 4697 quaedam
596 4618 723 4699 deligas,
744 4637 821 4696 qnae
843 4627 872 4677 et
886 4625 1013 4675 atatem
1028 4613 1157 4673 habeant
1171 4612 1323 4672 definitam
1337 4619 1368 4670 et
1381 4619 1504 4688 propter

179 4720 318 4797 originem
346 4728 612 4800 argumentumque
635 4729 716 4780 recte
744 4728 774 4778 et
801 4725 870 4795 apte
898 4717 977 4776 inter
1004 4735 1037 4776 se
1065 4719 1282 4790 comparentur.
1325 4712 1374 4770 Ita
1398 4728 1504 4788 proce-

180 4818 313 4882 dentibus
338 4821 397 4880 duo
418 4822 591 4898 contingent
611 4839 754 4899 perquam
776 4819 934 4897 optabilia,
962 4818 1092 4897 primum
1113 4824 1147 4875 ut
1167 4815 1198 4874 in
1218 4812 1318 4874 locun
1339 4811 1504 4890 ingentium

180 4953 380 4970 ——a—*ss

255 5028 279 5094 ¹)
304 5032 338 5084 V.
358 5031 481 5082 Huebner
499 5031 528 5082 11
545 5046 571 5095 p.
584 5030 634 5082 IX.

254 5117 278 5185 ¹)
304 5124 337 5177 v.
357 5123 454 5174 ιιιιιιι
472 5138 498 5188 p.
511 5121 575 5174 m
