3742 5826
366 1505 874 1646 ossnnvlnonus
912 1475 1386 1648 antennarum.

778 1821 980 1831 --——·-..-

234 2009 272 2068 V.
306 2011 365 2070 Da
388 2008 672 2070 DIOCLETIANI
693 2009 1073 2087 GOLLEGARVMQVE
1096 2011 1332 2075 NOMINIBVS
1354 2013 1517 2078 ERASIS.

296 2163 412 2224 Ductor
436 2165 463 2224 I.
487 2162 525 2225 G.
541 2163 707 2226 Wetsstein
733 2176 822 2228 notus
849 2177 972 2246 propter
996 2168 1106 2227 itinera
1130 2167 1209 2226 selici
1229 2185 1373 2228 successu
1398 2168 1542 2247 insyria

214 2265 286 2324 olim
312 2275 468 2342 susceptu,
496 2266 556 2324 iam
582 2266 699 2344 collega
723 2269 755 2326 iu
776 2269 834 2328 hac
854 2269 1048 2330 universitate
1069 2269 1188 2329 titulum
1214 2269 1289 2328 mibi
1313 2270 1397 2330 misit
1417 2291 1444 2330 a.
1462 2272 1542 2332 1870

215 2384 234 2424 a
261 2385 295 2426 se
320 2375 479 2443 exceptum
501 2365 592 2444 Tingi
621 2368 729 2445 (bodie
750 2365 867 2448 Tange,
895 2370 985 2448 vulgo
1007 2370 1158 2449 Tanger),
1185 2370 1236 2428 ubi
1264 2389 1404 2444 marmor,
1429 2373 1460 2430 in
1482 2391 1543 2449 quo

214 2467 334 2544 legitur,
358 2468 446 2527 bodie
472 2468 674 2529 investibulo
700 2469 864 2529 deversorii
885 2471 1037 2547 Europaei
1063 2471 1177 2530 scamni
1198 2472 1266 2530 loco
1287 2478 1342 2532 est.
1385 2473 1416 2531 Is
1438 2473 1543 2534 titulus

216 2569 289 2627 baec
308 2569 412 2629 babet:

623 2653 853 2717 utillimae
885 2669 1006 2715 avnsu
1032 2680 1040 2700 ·
1064 2669 1135 2712 vau

498 2795 502 2803 ·
623 2757 1133 2834 lllllttltlttlosnuaurco

622 2859 645 2915 tt
658 2873 741 2917 nux·
751 2873 801 2917 no
817 2872 908 2916 secter
923 2869 1053 2915 rnvrcro
1067 2870 1131 2914 svo

527 3033 532 3042 ι
622 2958 694 3018 titur
715 2974 908 3018 rnrsvutcras
930 2970 1042 3015 sorasr
1057 2985 1065 3002 ·
1079 2972 1131 3014 vur

549 3076 561 3115 s
626 3060 744 3117 llttllun
772 3088 780 3104 ·
809 3074 898 3117 sarni
928 3073 1053 3116 samius
1084 3072 1120 3114 nn

217 3187 356 3266 Virgulas
383 3198 427 3249 tot
452 3189 558 3260 adieci,
588 3199 662 3268 quot
689 3191 806 3251 litteras
833 3191 874 3249 ad
894 3209 1044 3251 summum
1064 3191 1131 3250 loco
1151 3189 1283 3250 indicato
1304 3190 1430 3251 delicere
1447 3165 1543 3269 posse

216 3289 418 3351 Wetastenius
443 3292 565 3351 iudicat.
608 3289 730 3351 Titulus
757 3310 824 3352 oum
845 3298 926 3352 recte
947 3300 978 3350 et
998 3292 1092 3367 probe
1114 3293 1282 3368 descriptus
1304 3292 1345 3350 sit
1369 3291 1442 3367 (ulsi
1462 3293 1543 3369 quod

215 3409 243 3449 v.
260 3393 274 3448 l
292 3391 332 3450 in.
352 3393 567 3452 restituendum
583 3401 631 3454 est
644 3409 707 3466 aas,
730 3413 757 3451 v.
770 3394 789 3452 4
804 3392 846 3451 in.
867 3392 996 3451 sortasse
1010 3409 1037 3450 ru
1050 3409 1105 3468 pro
1120 3391 1177 3467 tn),
1196 3392 1285 3450 facile
1299 3391 1469 3468 explicatur
1483 3392 1542 3451 sic:
1586 3469 1592 3482 ι

216 3489 322 3590 [Imp.
342 3489 461 3589 Oa]es.
490 3489 535 3567 G.
562 3491 687 3566 Aurel.
707 3491 787 3568 Val.
816 3488 1078 3589 [Diocletiano]
1108 3487 1326 3565 Germanico
1353 3515 1452 3564 max.
1479 3490 1543 3588 pio

216 3609 312 3684 felici
338 3611 476 3685 invicto
502 3611 597 3710 Aug.
626 3611 678 3710 [p.
705 3611 783 3708 m.‚]
812 3609 1030 3685 tribuniciae
1054 3619 1190 3709 potest.
1205 3608 1292 3684 VIII
1317 3609 1383 3706 (vel
1406 3608 1542 3705 VIIII),

217 3729 322 3826 [cos]
345 3729 428 3820 IIII,
454 3730 552 3830 patri
576 3730 729 3831 patriae,
756 3729 949 3830 pr[ocos.],
976 3757 1007 3808 et
1027 3749 1098 3809 anni
1120 3756 1241 3808 estant
1262 3748 1386 3824 salar.
1408 3746 1544 3826 pvln)

202 3841 268 3909 'aut
288 3847 348 3910 292
371 3850 422 3926 (tr.
438 3870 468 3928 p.
480 3849 596 3928 VIIII).
637 3851 842 3912 Memorabilis
864 3860 964 3910 autem
985 3858 1033 3910 est
1051 3863 1126 3909 cum·
1140 3857 1263 3927 propter
1284 3857 1544 3909 monumentorum

215 3950 418 4010 Romanorum
431 3951 604 4029 provinciae
618 3953 824 4012 Mauretaniae
838 3951 1020 4028 Tingitanae
1039 3969 1184 4011 summam
1200 3950 1297 4012 adhoc
1311 3949 1464 4010 raritatem
1482 3958 1544 4008 tum

216 4059 338 4127 propter
364 4069 474 4111 nomen
498 4051 680 4112 Diocletiani
705 4071 838 4125 erasum3
867 4071 937 4110 uam
964 4052 1050 4111 initio
1078 4050 1147 4110 ui
1175 4052 1296 4110 lituram
1325 4051 1407 4110 cerni
1432 4050 1545 4110 diserte

216 4157 342 4210 testatur
354 4152 567 4212 Wetasteuius.
607 4152 657 4211 De
678 4171 715 4212 ea
735 4155 871 4212 erasione
892 4171 1073 4229 quamquam
1091 4151 1241 4211 Iohannes
1260 4151 1400 4228 Baptista
1418 4149 1545 4211 Roscius

216 4271 311 4328 nuper
331 4250 504 4327 (Ballettiao
525 4251 593 4312 dett
617 4253 750 4313 Instituta
767 4253 844 4312 1871
868 4271 897 4328 p.
916 4253 990 4328 167)
1011 4253 1055 4311 ita
1075 4253 1145 4329 egit,
1167 4260 1281 4310 utnon
1302 4253 1398 4311 multa
1418 4251 1544 4312 habeam

217 4351 313 4429 copiis
335 4353 372 4410 ab
394 4370 429 4411 eo
451 4352 585 4412 collectis
606 4352 753 4427 diendo,
774 4361 963 4413 tamencum
985 4360 1152 4429 temporum
1173 4353 1291 4410 illorum
1313 4351 1457 4411 memoria
1473 4370 1544 4410 con·

216 4452 286 4512 lusa
305 4461 337 4511 et
356 4469 447 4529 saepe
468 4455 615 4530 perplexa
634 4473 816 4532 magnopere
837 4453 1013 4538 illustretur,
1035 4452 1086 4512 ubi
1106 4453 1147 4510 ad
1162 4451 1310 4527 liquidum
1331 4451 1454 4528 perduci
1474 4468 1545 4525 pos-

218 4553 350 4628 sit‚·quo
371 4561 504 4630 tempore
525 4555 635 4631 quibus
656 4555 732 4614 locis
753 4556 806 4632 qui
827 4554 934 4614 aetatis
955 4553 1164 4612 Diocletianae
1185 4551 1318 4629 Augusti
1339 4549 1544 4626 Caesareoque

217 4650 437 4712 (lamnationem
459 4654 615 4728 subierint,
635 4656 709 4715 utile
724 4656 822 4715 visum
843 4661 890 4714 est
910 4653 1052 4730 exempla
1072 4670 1150 4728 quae
1170 4653 1202 4710 in
1224 4659 1364 4728 promptu
1377 4651 1473 4709 babeo
1487 4650 1544 4708 hac

217 4751 376 4812 occasione
400 4754 504 4814 oblata
528 4774 696 4834 proponere
716 4751 931 4831 coniuncta¹)‚
962 4760 994 4812 ut
1014 4761 1180 4830 augeantur
1200 4753 1239 4812 ab
1261 4752 1330 4812 aliis
1355 4759 1386 4810 et
1405 4750 1543 4828 quaestio

217 4853 316 4912 adhuc
335 4853 491 4930 implicata
512 4865 646 4933 tempore
666 4855 877 4936 progrediente
897 4854 1016 4934 plenius
1038 4853 1181 4914 solvatur.

295 5099 318 5163 ¹)
351 5100 450 5154 Omitto
474 5103 576 5154 titulum
604 5103 720 5155 Renierii
749 5120 776 5155 n.
791 5104 860 5156 1437
885 5103 1110 5156 Verecuudeusem
1139 5108 1245 5167 propter
1268 5101 1372 5151 lituram
1397 5100 1545 5152 coniectura

218 5206 271 5242 nou
293 5193 356 5244 satia
378 5201 448 5245 certa
471 5193 600 5260 expletam
625 5195 771 5248 nominibus
789 5195 957 5259 Muluiana
980 5195 1042 5246 item
1058 5193 1225 5246 Miditeusem
1247 5207 1280 5245 ex
1300 5191 1435 5260 provincia
1451 5191 1545 5243 Alrica
