3712 5838
558 569 856 624 cassatas-rosus
872 569 994 623 arros.
1014 571 1065 622 rx.
1084 571 1121 622 x.
1430 553 1501 626 991

178 743 257 802 ravit
277 740 425 800 elementa
445 757 505 798 non
526 741 726 814 perdidicerit.
759 741 840 801 Nam
861 741 899 801 ad
918 760 941 818 p
963 759 1058 818 usque
1078 742 1263 816 exemplaria
1277 762 1337 802 non
1350 743 1505 812 differuntt

177 842 285 900 deinde
305 859 382 917 quae
402 839 564 916 requiritur
583 841 713 900 litterar
735 841 822 902 adest
835 842 1012 902 insecundo
1027 841 1182 918 adfuitque
1195 843 1323 903 tortasse
1337 845 1367 904 iu
1382 849 1504 922 quartur

177 953 208 1002 at
229 941 261 1000 in
282 943 381 1017 primo
401 940 519 999 inausa
539 951 587 1000 est
606 942 672 1000 eius
693 942 762 1001 loco
782 941 921 1018 litteram
945 943 982 1000 ab
999 944 1055 1001 hoc
1069 950 1149 1002 certe
1163 943 1228 1002 loco
1242 944 1351 1004 aliena.
1387 945 1505 1004 Deinde

176 1054 222 1103 rt
246 1042 363 1102 litterae
389 1041 420 1100 in
447 1041 614 1118 alphabetis
641 1049 693 1101 ant
717 1051 788 1102 sunt
812 1053 865 1101 aut
886 1043 1023 1102 videntur
1047 1043 1151 1102 fuisse.
1199 1043 1339 1121 Denique
1364 1055 1506 1121 quattuor

177 1150 328 1204 extreme
356 1143 475 1204 litterae
501 1142 533 1202 in
559 1143 627 1202 solo
657 1144 789 1201 secundo
817 1142 976 1221 alphabeto
1005 1150 1194 1219 comparent,
1222 1146 1277 1204 sed
1303 1153 1335 1204 ut
1361 1165 1380 1204 ιι
1404 1145 1506 1206 littera

177 1245 306 1304 litteram
328 1255 353 1320 φ
374 1261 434 1302 non
457 1243 624 1320 praecedat,
646 1244 700 1303 sed
714 1252 866 1319 sequatur.
903 1243 977 1302 Tria
997 1243 1114 1320 reliqna
1133 1244 1241 1302 liberis
1262 1267 1282 1303 ιι
1296 1236 1326 1310 d
1335 1247 1360 1320 s
1375 1245 1507 1306 caruisse

178 1343 315 1404 videntur
336 1343 438 1419 itaque
458 1344 594 1402 finivisse
614 1344 646 1402 in
667 1354 702 1418 ψ,
724 1344 783 1403 nisi
804 1343 886 1420 quod
908 1344 1046 1419 primum,
1067 1362 1134 1402 cum
1156 1345 1186 1402 id
1208 1345 1306 1421 ipsum
1326 1346 1505 1406 elementum

178 1445 364 1522 praeceperit
385 1444 451 1504 loco
472 1443 590 1503 litterae
612 1463 636 1514 a,
658 1444 769 1504 desinit
789 1445 820 1503 iu
843 1449 878 1502 Τ.

261 1545 327 1606 lam
348 1564 415 1604 cnm
429 1545 603 1616 viderimus,
624 1553 765 1621 quattuor
785 1546 840 1605 illa
858 1545 1018 1621 alphabeta
1031 1544 1182 1621 quomodo
1196 1547 1335 1604 ordinata
1348 1546 1419 1616 sint,
1441 1547 1507 1623 ipsa

180 1646 365 1717 confirmant,
386 1665 464 1722 qnae
478 1646 527 1706 vel
548 1666 589 1706 ex
609 1647 675 1706 loco
697 1664 757 1723 quo
778 1655 896 1723 reperta
911 1653 980 1706 sunt
993 1646 1153 1722 colligitur,
1176 1647 1322 1724 originem
1338 1646 1505 1706 Etruscam.

179 1746 298 1806 Desunt
318 1745 396 1804 cuim
419 1743 565 1806 elementa
586 1748 737 1822 bdoqr
758 1747 796 1805 ab
817 1746 955 1806 Etruscis
977 1755 1093 1807 mature
1114 1747 1251 1822 expulsa,
1274 1747 1360 1808 adest
1382 1748 1509 1809 elemen-

180 1855 242 1904 tum
265 1834 290 1911 8
311 1846 376 1906 siae
390 1850 416 1921 f
431 1848 469 1906 ab
482 1847 589 1906 iisdem
603 1847 641 1906 ad
655 1857 811 1925 acceptae
826 1845 952 1907 Graecis
967 1847 1123 1906 adiectum.
1162 1846 1393 1924 comparatione
1409 1855 1507 1924 autem

179 1945 317 2008 instituta
343 1947 568 2023 alphabetorum
591 1946 782 2007 Clusinorum
810 1967 876 2006 cnm
904 1948 1042 2006 Etruscis
1068 1947 1193 2023 reliquis
1219 1947 1292 2007 haec
1318 1949 1509 2008 inveniuntur

180 2048 304 2124 propria
324 2056 353 2108 es
374 2033 529 2108 ιοιιιιιιι.
581 2101 583 2108 a

267 2150 293 2206 1.
326 2148 499 2227 Alphabeta
513 2149 642 2209 Etrusca
655 2149 792 2227 vulgaria
812 2167 879 2208 cum
900 2150 1030 2208 habeant
1052 2149 1180 2207 litteram
1203 2167 1227 2218 c,
1250 2147 1387 2208 omittant
1409 2147 1437 2217 k,
1462 2149 1509 2208 hic

183 2250 370 2308 econtrario
391 2249 412 2307 k
432 2251 526 2322 adest,
548 2252 634 2310 abest
653 2271 678 2309 c.
716 2248 803 2323 Quod
824 2268 1007 2326 quamquam
1021 2268 1132 2309 novum
1147 2256 1202 2320 est,
1224 2257 1324 2308 tamen
1338 2257 1417 2308 recte
1430 2265 1509 2309 com·

182 2359 308 2425 ponetur
329 2345 403 2410 cum'
417 2351 579 2428 alphabeto
593 2351 721 2410 Etrusco
740 2351 856 2410 vasculi
871 2349 981 2412 Nolani
1004 2351 1113 2426 prioris
1133 2350 1153 2407 l.
1169 2367 1195 2408 c.
1218 2367 1237 2407 a
1257 2367 1305 2408 me
1326 2350 1408 2421 editi,
1432 2349 1511 2407 ubic

183 2450 229 2510 bis
250 2452 394 2528 repetitur
414 2466 445 2512 et
465 2470 518 2511 suo
539 2453 607 2511 loco
629 2462 659 2510 et
679 2452 744 2510 loco
766 2451 884 2514 litterae
906 2451 934 2510 Ιι.
977 2451 1116 2526 Denique
1139 2468 1158 2508 a
1179 2449 1274 2508 titulis
1297 2450 1511 2510 vetusu’oribua

183 2550 359 2628 Etruscis1)
386 2561 420 2612 ut
446 2553 484 2612 ab
512 2553 635 2613 Umbris
661 2553 775 2629 pariter
803 2562 892 2629 atque
919 2553 957 2610 ab
983 2553 1040 2611 boc
1065 2550 1226 2627 alphabeto
1254 2551 1339 2612 abest
1364 2569 1394 2621 c,
1425 2550 1511 2610 adest

185 2653 248 2712 eius
270 2655 338 2712 loeo
360 2654 388 2713 Ιι.

269 2752 297 2812 9.
334 2752 410 2813 Oum
437 2755 616 2814 elementum
642 2774 656 2813 ιι
683 2755 714 2813 in
736 2754 866 2813 Etrusca
892 2755 1061 2812 littoratura
1085 2751 1198 2828 duplex
1225 2752 1265 2809 sit
1291 2768 1316 2808 ιι
1344 2758 1414 2827 post
1431 2771 1468 2828 p,
1496 2766 1512 2810 s

184 2865 255 2932 port
275 2873 300 2926 r,
321 2855 354 2914 in
374 2856 541 2933 alphabetis
562 2856 611 2914 his
634 2854 768 2919 Clusinis
791 2855 848 2914 hoc
869 2854 987 2914 videtur
1008 2852 1180 2913 desiderari.

269 2955 297 3014 ³.
329 2956 365 3015 Iu
386 2956 548 3034 alphabeto
570 2959 701 3016 secundo
721 2958 854 3016 cernitur
873 2956 974 3014 littera
991 2973 1011 3012 ιι
1029 2953 1095 3013 loco
1111 2959 1202 3025 mota,
1225 2953 1340 3012 scilicet
1354 2972 1392 3012 ex
1408 2961 1513 3030 quarto

185 3077 205 3116 a
226 3059 283 3118 hue
304 3058 372 3117 loco
385 3059 539 3118 translata
562 3059 593 3116 in
613 3057 747 3130 tortium3
769 3059 828 3118 tria
848 3067 947 3116 autem
969 3055 1085 3131 reliqua
1104 3053 1264 3131 alphabeta
1283 3060 1385 3112 carent
1405 3052 1513 3114 litteris

186 3157 282 3216 tribus
297 3177 317 3214 ιι
332 3160 395 3234 χχ,
416 3177 493 3234 quae
515 3158 630 3218 litterae
651 3159 682 3216 iu
703 3158 862 3234 alphabeto
884 3155 1025 3225 secundo,
1046 3154 1100 3213 nbi
1121 3172 1140 3210 ιι
1161 3152 1417 3228 antepaenultima
1435 3153 1514 3212 facta

187 3267 242 3329 est,
264 3268 415 3318 extremae
437 3267 516 3318 sunt.
553 3258 689 3320 Omissio
711 3260 785 3318 haec
807 3258 872 3316 eine
894 3256 984 3316 dubio
1006 3254 1083 3313 redit
1103 3253 1140 3311 ad
1163 3254 1259 3313 solam
1281 3252 1440 3312 scribentis
1462 3272 1513 3312 ue·

187 3360 381 3435 glegeutiam3
403 3379 459 3418 nee
480 3361 577 3430 video,
599 3359 670 3435 quid
692 3358 774 3418 aliud
797 3359 920 3416 subesse
943 3355 1040 3432 possit
1061 3354 1153 3412 mirae
1175 3352 1219 3410 illi
1240 3352 1357 3410 litterae
1378 3369 1398 3407 ιι
1419 3361 1513 3410 trans·

188 3461 339 3536 positioni.

194 3570 200 3578 ‘
270 3563 300 3620 t.
334 3560 490 3639 Scriptura
510 3567 653 3639 quattuor
668 3559 893 3636 alphabetorum
908 3575 927 3615 a
942 3554 1269 3650 sinistrnldextrorsnm
1285 3551 1420 3629 procedit
1432 3571 1515 3610 more

189 3661 307 3721 Latino.

752 3763 954 3777 ’.αισι-0·

530 3960 570 4022 X.
614 3958 880 4021 FLAMONIVM.
924 3953 1177 4017 FLAMINIVM.

275 4116 421 4177 Flaminis
443 4117 640 4177 sacerdotium
662 4123 693 4176 et
705 4117 886 4191 flamiantum
907 4120 987 4172 recte
1010 4111 1069 4171 diei
1091 4113 1294 4187 etflcmoro'um
1314 4115 1445 4180 constat;
1460 4109 1517 4183 fiu-

191 4221 307 4276 miniter
327 4225 436 4291 antem,
457 4231 519 4295 qua
538 4219 636 4278 forma
655 4216 745 4276 hodie
765 4215 857 4292 vulgo
879 4223 1011 4284 utuntur,
1033 4212 1113 4271 baud
1135 4213 1198 4272 scio
1219 4230 1258 4270 au
1279 4210 1353 4270 satis
1375 4209 1517 4269 Latinum

193 4339 253 4378 non
275 4319 323 4378 sit
358 4317 437 4378 Num
458 4317 538 4378 tituli
558 4319 610 4396 qui
632 4325 737 4378 extant
756 4323 875 4394 praeter
888 4317 1057 4390 fluminales
1073 4313 1253 4372 vocabulum
1267 4329 1327 4369 non
1341 4317 1517 4386 agnoscunt,

193 4419 273 4496 quod
294 4419 413 4497 quidem
436 4419 538 4490 sciam,
560 4419 617 4479 nisi
638 4418 764 4478 aiterum
779 4419 919 4493 flaucati,
941 4413 1021 4492 quod
1042 4412 1152 4488 legitur
1172 4413 1203 4470 in
1218 4411 1313 4470 titulis
1330 4408 1444 4467 Dacico
1460 4423 1518 4464 uno

193 4519 411 4592 111‚1134=
433 4517 613 4591 (trottae,
633 4519 668 4590 5,
695 4517 841 4594 Hispanis
862 4523 1004 4592 quattuor
1024 4513 1069 4583 11,
1091 4511 1181 4572 1996.
1204 4509 1293 4568 1939.
1314 4507 1405 4567 9195.
1427 4504 1518 4576 9991,

192 4621 347 4684 Africanis
374 4621 505 4698 quinque
526 4620 606 4699 apud
625 4618 799 4678 Ranierium
825 4634 855 4674 n.
877 4613 966 4673 1498.
992 4609 1081 4671 1499.
1106 4610 1195 4670 1730.
1220 4607 1299 4667 1894
1321 4607 1374 4682 (=
1393 4605 1518 4665 Henzeu

193 4723 301 4798 5917).
323 4721 420 4792 9096,
449 4721 580 4780 fortasse
607 4719 698 4779 etiam
723 4718 754 4778 in
782 4715 860 4778 aliis.
907 4711 999 4788 Apud
1027 4719 1164 4770 auctores
1193 4725 1296 4767 verum
1323 4714 1370 4766 est
1389 4707 1520 4780 flamonia·

193 4823 373 4882 vocabulum
394 4822 483 4881 hodie
503 4839 599 4899 paene
620 4819 822 4879 oblitteratum
843 4831 925 4887 esae;
951 4823 1032 4874 certe
1052 4820 1198 4891 quantum
1219 4806 1290 4881 vidi,
1311 4807 1410 4868 locum
1432 4822 1518 4888 sunm

272 5095 295 5157 ¹)
323 5096 453 5161 Exempla
471 5096 618 5162 suppeditat
630 5091 818 5146 conestabilius
836 5091 863 5140 in
882 5087 1018 5154 splendldo
1031 5101 1109 5151 opere
1119 5085 1249 5138 ιἰιιὺίοιιι·
1259 5081 1372 5136 ereata
1384 5097 1397 5134 e
1409 5089 1517 5134 mser·

195 5187 274 5240 latiae
293 5185 363 5238 dello
380 5185 494 5255 pallein
511 5184 541 5237 di
557 5183 664 5238 Fe'reure
682 5181 840 5244 (Florentiae
860 5178 942 5240 tere)
960 5193 987 5244 p.
1000 5176 1098 5229 xctv.
