3736 5822
360 577 407 648 56
931 586 1113 642 nonusnn

359 775 493 842 tempore
517 763 608 823 fuerit
632 779 756 824 recessa
781 771 837 820 est.
879 761 972 819 Recte
998 760 1090 836 igitur
1114 757 1299 833 Borghesius
1321 755 1543 834 Heuzeuusqae
1568 757 1686 816 titulum

358 868 438 926 hunc
459 866 497 924 ad
519 873 654 925 extrem
674 870 812 939 tempora
833 860 980 920 Hadriani
1001 866 1226 919 revocaverunt.

442 965 551 1025 Adhuc
571 973 652 1024 recte
673 964 712 1023 ah
734 963 803 1022 aliis
825 962 986 1021 observata
998 960 1113 1032 rettuli;
1135 965 1250 1018 restant
1268 958 1336 1030 alia,
1358 958 1407 1017 ubi
1423 977 1490 1018 meo
1505 959 1576 1017 mihi
1593 959 1688 1018 hlarte

358 1067 576 1144 procedendum
598 1073 653 1124 est.
693 1063 870 1139 Quicunque
891 1063 971 1120 tituli
992 1061 1199 1133 meminerunt,
1219 1059 1292 1120 Ursi
1315 1059 1471 1121 cuiusdam
1487 1059 1598 1137 Togati
1620 1078 1688 1119 enm

358 1186 423 1228 csse
444 1167 586 1226 dixerunt
607 1183 733 1242 eumque
747 1165 860 1224 Ursum
876 1163 1026 1242 Togatam
1048 1161 1231 1221 condicionis
1252 1160 1408 1219 libertinae
1429 1161 1580 1220 hominem
1595 1159 1688 1219 credi·

357 1269 472 1327 derunt.
517 1268 560 1324 At
585 1267 638 1343 qui
665 1267 778 1341 duplex
805 1283 969 1341 cognomen
996 1263 1040 1322 ita
1065 1263 1195 1340 positum
1220 1262 1351 1337 aliquam
1373 1261 1570 1320 offensionem
1590 1261 1688 1333 habet,

358 1387 538 1446 quamquam
561 1368 635 1426 talia
654 1367 779 1443 reperiri
801 1386 861 1425 non
883 1384 970 1444 nego.
1012 1363 1130 1422 Deinde
1153 1362 1263 1439 Togati
1288 1379 1454 1438 cognomen
1475 1362 1547 1421 mihi
1570 1361 1688 1436 quidem

358 1469 526 1528 inauditum
547 1479 594 1528 est
614 1476 644 1526 et
664 1469 752 1545 plane
774 1468 839 1526 sine
861 1465 1009 1540 exemplo,
1031 1474 1066 1523 ut
1087 1465 1199 1524 similia
1219 1481 1340 1540 quoque
1362 1463 1463 1533 Pilati,
1479 1461 1616 1534 'Hastati,
1633 1460 1689 1522 Sa·

358 1571 421 1648 gati
448 1571 527 1629 inter
554 1569 676 1628 nomina
700 1579 752 1626 aut
778 1568 968 1627 inveniuntur
993 1566 1149 1624 rarissime
1175 1573 1227 1624 ant
1253 1565 1374 1623 omuino
1400 1580 1461 1622 nou
1488 1563 1688 1622 inveniuntur.

359 1668 474 1729 Contra
494 1671 544 1728 ubi
566 1669 768 1746 praedicative
789 1668 966 1727 vocabulum
987 1666 1154 1742 acceperis,
1176 1665 1367 1724 difficultates
1389 1681 1492 1722 omnes
1514 1671 1691 1724 evanescent

358 1780 390 1828 et
417 1770 565 1829 sententia
593 1772 705 1847 optime
732 1769 881 1847 procedit,
911 1767 1050 1825 nimirum
1077 1767 1153 1825 huno
1180 1766 1307 1844 primum
1329 1766 1422 1824 luisse
1443 1784 1483 1822 ex
1504 1765 1630 1841 togatis,
1659 1765 1691 1822 id

359 1879 466 1929 estex
488 1870 604 1928 civibus
618 1870 776 1942 Romania,
798 1871 850 1946 qui
866 1869 968 1926 vitreis
991 1867 1061 1943 pilis
1084 1867 1203 1944 publice
1223 1865 1347 1924 luserit·
1375 1865 1453 1924 Eum
1475 1865 1584 1936 lusum,
1606 1866 1691 1924 cuius

358 1978 515 2048 praeterea
540 1971 621 2047 quod
643 1971 736 2029 sciam
758 1971 868 2029 mentio
889 1987 950 2028 non
970 1969 1017 2040 fit,
1044 1976 1275 2026 consentaneum
1298 1977 1345 2025 est
1366 1973 1504 2042 coeptum
1525 1984 1544 2024 a
1564 1966 1692 2041 praesti·

358 2071 526 2149 giatoribus
557 2068 740 2131 condicionis
765 2071 943 2150 peregrinae
972 2077 1077 2146 postea
1105 2068 1223 2126 demum
1251 2076 1448 2144 propagatum
1478 2084 1548 2126 esse
1573 2067 1612 2124 ad
1639 2085 1691 2126 eos

358 2173 410 2248 qui
438 2189 498 2229 non
527 2181 650 2248 propter
676 2173 784 2247 stipem
814 2171 932 2248 publice
959 2170 1105 2228 luderent.
1154 2166 1215 2228 Sed
1242 2187 1302 2227 non
1331 2168 1406 2228 satis
1434 2175 1481 2225 est
1508 2169 1588 2243 quod
1610 2166 1691 2227 Urso

359 2275 462 2349 togam
482 2271 703 2330 vindicavimus
731 2291 786 2347 pro
813 2272 989 2347 cognomine
1016 2266 1094 2327 male
1122 2269 1149 2328 ei
1174 2270 1313 2340 obtruso,
1343 2268 1516 2327 liberandus
1538 2277 1585 2326 est
1605 2287 1691 2344 prae-

362 2380 443 2430 terea
470 2390 489 2429 a
514 2372 633 2429 macula
658 2371 871 2431 libertinitatis.
918 2369 1006 2428 Hanc
1033 2371 1060 2428 ei
1088 2370 1262 2429 indiderunt
1288 2377 1448 2446 propterea
1476 2371 1559 2444 quod
1580 2369 1692 2428 Verum

362 2478 406 2529 ter
432 2471 600 2543 consulem,
628 2471 766 2547 quisquis
788 2471 859 2543 luit,
882 2480 1041 2548 patronum
1062 2470 1211 2547 appellat;
1238 2479 1270 2529 at
1291 2471 1318 2529 si
1341 2468 1480 2528 Volteius
1502 2471 1592 2529 Mena
1613 2469 1693 2547 apud

361 2571 522 2631 Horatium
538 2570 599 2647 (ep.
617 2573 644 2643 1,
661 2572 689 2643 7,
705 2571 760 2646 92)
775 2571 958 2649 Philippum,
980 2573 1064 2631 cuius
1079 2571 1173 2630 cliens
1188 2571 1253 2641 fuit,
1275 2589 1335 2629 nou
1349 2569 1484 2642 libertus,
1506 2571 1625 2647 patroni
1639 2589 1693 2630 uo·

362 2672 440 2730 mine
462 2672 643 2747 adloquitur,
664 2673 769 2748 quidni
791 2672 929 2732 similiter
949 2671 1046 2732 Ursus
1068 2671 1153 2748 loqui
1175 2671 1273 2748 potuit
1294 2672 1332 2729 de
1346 2671 1428 2730 Vero
1450 2688 1522 2728 sene
1543 2671 1692 2731 ditissimo

360 2781 393 2830 et
420 2773 649 2848 potentissimo?
693 2772 783 2845 Quod
810 2774 837 2832 si
862 2773 1067 2832 libertinitatis
1093 2772 1271 2830 documenta
1296 2771 1381 2830 nulla
1405 2771 1435 2830 in
1458 2773 1591 2830 carmine
1611 2772 1694 2832 inve·

363 2873 497 2944 niuntur,
522 2873 735 2949 ingenuitatem
762 2875 860 2950 arguit
885 2875 983 2952 ipsum
1005 2889 1180 2950 cognomen.
1223 2871 1301 2931 Nam
1322 2871 1421 2932 Ursus
1442 2881 1502 2930 mm
1525 2873 1695 2932 senatoriae

363 2991 454 3048 quam
479 2975 627 3049 equestris
653 2975 836 3035 condicionis
857 2994 917 3033 nou
942 2976 986 3032 ita
1006 2991 1119 3050 paucos
1141 2973 1276 3050 repperi,
1304 2969 1476 3032 libertinum
1497 2972 1540 3030 ita
1561 2972 1694 3050 appella·

365 3081 428 3131 tum
450 3092 510 3132 non
532 3075 657 3134 inveniri
679 3094 860 3152 quamquam
882 3076 1003 3134 minime
1025 3075 1173 3134 contendo
1195 3073 1407 3150 (nequeenim
1429 3074 1467 3132 ab
1488 3075 1629 3159 hesterno
1644 3073 1693 3133 de·

364 3191 444 3232 mum
470 3173 518 3233 die
539 3175 571 3232 iu
592 3175 650 3234 hoc
671 3194 802 3252 aequore
823 3177 963 3252 navigo),
989 3176 1046 3234 hoc
1066 3175 1133 3233 dico
1155 3175 1335 3234 vocabulum
1356 3193 1454 3251 neque
1476 3173 1694 3234 Graecanicum

363 3292 432 3333 esse
459 3294 556 3352 neque
582 3294 622 3334 ex
647 3276 765 3335 Latinis
792 3277 831 3334 iis
857 3294 935 3352 qnae
963 3293 1037 3335 usus
1064 3273 1259 3335 Graecanicis
1287 3275 1428 3350 aequavit
1449 3285 1478 3334 et
1499 3275 1620 3334 omuino
1640 3293 1695 3335 no-

365 3394 433 3434 men
460 3393 541 3447 esse,
568 3385 602 3434 ut
628 3374 670 3434 ait
692 3375 815 3434 Tacitus
843 3375 933 3451 (hist
952 3377 1069 3451 1‚13)‚
1097 3385 1242 3452 equestre.
1287 3375 1426 3450 Denique
1453 3383 1485 3434 ut
1509 3377 1551 3435 M.
1578 3377 1695 3436 Annius

366 3475 466 3535 Verus
496 3476 661 3553 splendidis
687 3477 837 3536 natalibus
863 3484 946 3536 ortus
973 3477 1003 3534 iu
1030 3495 1151 3554 gregem
1178 3493 1305 3551 quocum
1332 3476 1435 3534 ludere
1462 3477 1580 3535 solebat
1606 3478 1696 3536 etiam

364 3576 514 3635 inferioris
537 3578 650 3636 ordinis
672 3577 809 3636 homines
831 3577 994 3648 admiserit,
1020 3596 1088 3636 cum
1110 3577 1307 3653 sphaeristica
1327 3577 1405 3635 inter
1425 3578 1594 3636 senatorias
1615 3584 1696 3636 artes

366 3684 446 3735 certe
473 3695 534 3735 uon
563 3684 749 3747 numeretur,
777 3684 875 3736 tamen
901 3679 979 3737 inter
1007 3677 1163 3737 libertinos
1189 3695 1257 3734 eum
1284 3678 1398 3735 socium
1425 3677 1482 3736 sibi
1509 3677 1696 3754 quaesivisse

366 3776 547 3832 christianae
570 3776 665 3851 magis
686 3776 847 3834 humilitati
869 3776 1009 3837 convenit
1028 3797 1117 3854 quam
1140 3777 1280 3853 gravitati
1302 3777 1466 3837 Romanae.

451 3873 552 3932 Unum
574 3882 721 3949 superest,
743 3876 822 3952 quod
844 3878 1016 3954 scrupulum
1031 3888 1159 3950 moreat,
1182 3878 1327 3953 apotheca
1341 3878 1498 3950 dominica,
1521 3897 1581 3956 qua
1594 3879 1696 3957 appel·

367 3975 480 4032 latione
514 3991 586 4033 sane
617 3975 741 4033 libertus
770 3977 888 4052 patroni
917 3978 1024 4037 cellam
1054 3978 1201 4036 vinariam
1228 3978 1399 4055 significare
1426 3979 1539 4054 potuit3
1572 3979 1629 4038 etsi
1654 3981 1698 4040 ita

367 4092 428 4132 uon
457 4075 531 4134 satis
560 4074 757 4152 intellegitur,
785 4095 838 4136 cur
863 4075 1001 4136 libertum
1030 4078 1202 4136 honoraturi
1231 4079 1349 4155 patroni
1377 4079 1508 4138 maxime
1536 4080 1697 4156 amphoras

367 4173 498 4233 ebibant.
543 4173 632 4248 Quod
653 4177 681 4234 si
700 4175 801 4236 Ursas
822 4195 883 4236 non
903 4177 1061 4236 libertinus
1081 4178 1152 4250 init,
1179 4180 1233 4238 sed
1253 4179 1415 4256 ingenuus,
1437 4181 1583 4255 apotheca
1603 4180 1697 4239 domi·

368 4273 436 4332 nica
455 4275 485 4334 ei
513 4275 599 4334 nulla
625 4276 685 4335 dici
713 4278 811 4352 potuit
837 4279 896 4338 nisi
923 4277 1128 4353 imperatoris3
1157 4280 1241 4338 cuius
1268 4298 1451 4357 quamquam
1479 4280 1578 4339 claves
1604 4297 1697 4356 penes

365 4393 436 4432 aum
461 4374 558 4435 luisse
585 4377 743 4436 ostendere
769 4396 885 4453 nequeo
912 4386 955 4451 et,
983 4387 1015 4437 ut
1039 4398 1141 4438 verum
1168 4379 1277 4452 fatear,
1304 4382 1343 4438 ad
1364 4377 1513 4439 Hadriani
1535 4378 1699 4439 Falernum

367 4473 481 4534 Ursum
501 4493 561 4536 nou
583 4476 746 4536 faciliorem
768 4477 880 4537 aditum
902 4479 1043 4537 habuisse
1061 4497 1238 4555 persuasum
1253 4481 1349 4540 habeo
1364 4498 1455 4557 quam
1468 4481 1602 4558 reliquos
1617 4481 1698 4540 cives

367 4576 498 4635 urbanos
519 4585 638 4653 praeter
659 4595 772 4653 paucos
785 4581 892 4639 beatos
907 4579 944 4636 od
960 4578 1100 4639 auditorii
1114 4589 1145 4639 et
1158 4581 1272 4640 cellarii
1287 4582 1524 4642 communionem
1539 4581 1699 4655 admissos,

368 4682 468 4758 tamen
488 4678 545 4735 hoc
565 4679 630 4738 scio
652 4679 813 4755 amphoras
834 4679 929 4738 callae
949 4679 1161 4757 imperatoriae
1181 4683 1272 4741 etiam
1287 4683 1377 4742 abiis
1392 4682 1536 4741 celebrari
1551 4683 1699 4758 potuisse,

368 4776 421 4852 qui
441 4794 602 4853 numquam
625 4797 662 4837 ne
683 4780 805 4838 odorem
825 4778 946 4855 quidem
967 4797 1069 4839 earum
1090 4781 1272 4842 olfecissent
1314 4780 1365 4838 'tle
1386 4781 1414 4839 ἒν
1433 4775 1538 4858 Ῥώμῃ,
1561 4781 1699 4842 Galenus

368 4875 411 4934 ait
433 4867 507 4958 (nrpl
529 4868 681 4936 dvrsdc‘rwv
700 4879 763 4951 1,4
783 4879 843 4936 vol.
861 4881 899 4939 14
921 4899 950 4956 p.
966 4879 1005 4939 25
1026 4881 1145 4958 thu),
1167 4883 1221 4939 τῶν
1242 4875 1364 4965 &piscoso
1385 4873 1544 4964 «peperisses
1565 4879 1699 4942 ἁπάντων

368 4971 523 5059 εὐπορῆσαι
549 4978 659 5046 pedihus
684 4969 760 5034 ἔστιν
785 4967 804 5046 ἢ
826 4975 893 5035 κατ’
915 4968 989 5038 ἄλλο
1016 4974 1132 5062 χωρίον,
1158 4973 1247 5043 adroic
1268 4981 1295 5040 ἓν
1317 4977 1393 5060 αὐτῇ
1413 4983 1448 5060 τῇ
1459 4975 1555 5059 teda,
1576 4976 1699 5066 Kaio-upa

369 5065 517 5147 σκιυᾶξων
542 5097 585 5138 τις
611 5067 651 5133 ἔτι
677 5079 787 5145 μᾶλλον
814 5073 928 5163 εὐπορεῖ
949 5070 1063 5138 πάντων
1087 5084 1143 5140 τῶν
1169 5081 1208 5144 sic
1234 5071 1319 5168 dapes
1344 5078 1445 5167 ripariis
1467 5073 1599 5151 ἦκᾶνιων,
1626 5076 1698 5141 οἴνου

368 5165 417 5244 μὶν
443 5178 495 5234 reti
521 5168 671 5260 Φαλερίνου
696 5169 744 5236 uel
770 5169 880 5248 με’λιτος
904 5174 1051 5252 Ὑμηττίου
1078 5193 1109 5245 et
1133 5201 1211 5261 quae
1238 5195 1411 5263 sequuntqp.
1453 5179 1569 5242 Narrat
1591 5165 1700 5244 deiude
