3742 5826
577 551 875 607 oasaavnmouas
895 553 1011 607 neren.
1030 555 1106 607 v111.
1432 536 1502 606 149

175 724 334 783 Arvalium
355 742 382 781 a
398 741 428 799 p.
444 719 516 782 Chr.
535 723 573 782 14
594 722 699 799 (tabl
720 724 855 800 Marinii)
875 724 1027 801 pontilicis
1048 721 1215 784 saeerdotio
1236 724 1353 784 adiecto
1375 727 1412 784 ab
1435 726 1503 784 aliis

177 825 356 902 aequalibus
384 821 516 883 eiusdem
544 825 674 884 nominis
696 823 898 900 distinguitur.
940 825 976 882 Id
998 833 1097 884 autem
1119 825 1261 901 temporis
1283 826 1415 886 rationes
1437 845 1503 885 eum

177 944 239 984 non
264 925 417 1002 patiantur
444 923 528 999 (nam
554 924 663 982 fratres
684 923 819 983 Liciniae
840 926 968 1002 Magnae
994 926 1057 984 nati
1084 935 1154 985 sunt
1174 946 1200 985 c.
1222 945 1249 984 a.
1266 925 1403 998 27-38,
1430 927 1504 986 Piso

176 1026 315 1102 pontifex
343 1026 394 1084 ille
421 1025 495 1084 obiit
522 1026 733 1102 octogenarius
762 1043 791 1100 p.
813 1023 885 1084 Chr.
902 1025 972 1101 32),
1002 1026 1126 1086 maritus
1153 1027 1281 1104 Magnae
1309 1028 1388 1086 alius
1415 1027 1505 1086 luerit

178 1143 301 1184 necesse
329 1135 390 1199 est,
419 1144 475 1184 nee
501 1143 681 1202 quemquam
706 1126 824 1203 repperi
850 1133 974 1203 propter
998 1133 1126 1186 aetatem
1154 1129 1228 1186 satis
1256 1136 1359 1203 aptum
1386 1139 1506 1205 praeter

178 1225 214 1285 L.
230 1226 373 1286 Pisonem
394 1227 549 1286 consulem
571 1245 598 1284 a.
614 1226 664 1299 57,
686 1233 787 1285 natum
806 1227 899 1302 igitur
913 1227 993 1286 circa
1013 1247 1040 1285 a.
1056 1246 1085 1303 p.
1102 1226 1173 1286 Chr.
1190 1226 1239 1299 24,
1260 1246 1348 1304 quem
1363 1237 1394 1286 et
1406 1229 1504 1306 ipsum

177 1327 353 1404 pontificatu
373 1337 510 1386 ornatum
531 1327 625 1386 luisse
646 1336 725 1385 certe
747 1327 822 1386 nihil
843 1326 972 1402 vetat¹).
1009 1326 1143 1387 Uxorem
1165 1347 1232 1386 eum
1254 1329 1379 1387 duxisse
1399 1329 1504 1388 filiam·

179 1446 238 1503 qua
264 1447 303 1486 ex
330 1447 367 1486 ea
391 1429 532 1505 genuisse
554 1427 679 1488 Tacitus
701 1428 785 1502 (hist.
805 1429 834 1500 4,
852 1428 900 1486 11.
916 1428 970 1504 59)
992 1426 1110 1500 scribit;
1136 1446 1244 1488 nomen
1270 1438 1407 1488 auctores
1428 1447 1505 1505 quos
1540 1437 1542 1442 ’

179 1528 323 1587 habemus
344 1546 404 1587 non
425 1529 618 1588 tradiderunt.

262 1628 311 1686 lix
332 1631 464 1705 posteris
486 1630 593 1689 horum
614 1628 756 1705 (quornm
771 1628 915 1690 (ireseum
937 1629 1030 1707 Frugi
1052 1638 1193 1706 quattuor
1212 1628 1324 1689 liberos
1346 1630 1505 1690 sustulisse

179 1728 321 1801 vidimus,
347 1735 535 1807 possuntque
559 1730 649 1790 etiam
671 1729 886 1792 Scribonianus
908 1740 938 1790 et
958 1730 1034 1790 Piso
1055 1731 1166 1790 liberos
1188 1740 1258 1807 post
1279 1749 1311 1790 se
1332 1731 1506 1808 reliquisse)

180 1829 299 1888 nomine
320 1849 396 1892 unus
417 1840 531 1890 tantum
553 1838 802 1891 commemoratur
826 1832 1001 1907 Calpurnius
1026 1833 1149 1892 Crassus
1171 1829 1318 1908 diupi’),
1338 1832 1391 1907 qui
1413 1833 1505 1908 impe·

179 1939 266 1988 rante
286 1930 391 1989 Nerva
415 1949 481 1990 eum
507 1949 632 2008 regnum
658 1932 854 2009 appetivisset
874 1932 1040 1991 Tarentum
1065 1941 1199 1990 remotus
1225 1939 1284 2005 eat,
1311 1930 1417 1990 deiude
1439 1951 1506 1991 cum

180 2029 220 2088 ad
242 2031 346 2090 eadem
367 2032 493 2097 consilia
512 2032 652 2092 rediisset
672 2034 727 2092 sub
749 2032 898 2105 Traiano,
924 2033 955 2090 in
976 2033 1106 2091 insulam
1127 2031 1291 2108 relegatus,
1313 2031 1440 2107 denique
1461 2032 1506 2089 iu-

181 2123 248 2188 sula
272 2149 414 2208 egressus
440 2134 496 2193 sub
517 2132 673 2192 Hadriano
699 2142 832 2192 necatus.
874 2133 1003 2192 Animos
1030 2133 1068 2192 ad
1093 2150 1142 2191 res
1167 2149 1262 2190 novas
1290 2133 1456 2192 moliendas
1478 2133 1507 2191 ei

180 2232 253 2292 fecit
273 2232 338 2293 sine
359 2233 449 2292 dubio
470 2235 538 2310 ipsa
557 2235 709 2306 nobilitas,
730 2253 791 2311 quo
814 2235 933 2294 nomine
955 2252 1029 2294 saue
1050 2252 1087 2292 eo
1109 2239 1242 2308 tempore
1261 2232 1313 2291 vix
1335 2234 1431 2291 ullum
1453 2234 1505 2290 ha-

181 2333 247 2392 buit
267 2334 326 2394 sibi
347 2353 459 2412 parem.
503 2333 592 2407 Quod
613 2336 749 2394 sinatus
771 2342 817 2394 est
837 2354 875 2393 ex
897 2335 1009 2394 Pisone
1030 2335 1172 2411 adoptato
1194 2351 1212 2390 a
1235 2331 1349 2406 Galba,
1373 2351 1433 2409 quo
1454 2335 1507 2392 dn-

183 2452 249 2492 cere
271 2435 387 2494 videtur
409 2433 566 2513 Calpurnii
588 2454 709 2508 nomen,
735 2434 980 2513 repraesentabat
1000 2437 1032 2493 in
1054 2453 1087 2494 se
1108 2433 1243 2493 Licinius
1265 2432 1408 2506 Crassos,
1437 2432 1508 2492 Cal-

181 2536 304 2609 purnios
333 2517 460 2595 Pisones
486 2536 596 2614 Frugi,
626 2537 789 2614 Pompeios
816 2537 960 2614 Magnos,
989 2533 1165 2597 Scribonios
1192 2535 1340 2608 Libones,
1367 2534 1507 2594 Lutatios

183 2632 322 2709 Catulos,
350 2635 499 2713 Sulpicios
522 2635 656 2709 Galbae,
682 2647 715 2696 ut
739 2654 813 2696 saue
834 2645 924 2716 poeta
944 2637 1052 2696 aetatis
1073 2636 1305 2713 Domitianael)
1327 2653 1387 2695 non
1408 2635 1509 2711 inepte

181 2736 340 2795 celebrarit
361 2739 438 2796 atrio
458 2739 596 2798 Piscem
617 2757 679 2797 eum
699 2749 841 2797 stemmate
863 2748 928 2797 toto.

266 2836 406 2897 Vidimus
432 2838 469 2898 de
490 2837 612 2898 Crassis
632 2838 740 2918 Frugi;
767 2846 918 2917 superest,
948 2848 980 2898 ut
1000 2856 1209 2898 recenseamus
1230 2838 1265 2898 L.
1288 2838 1431 2910 Pisones,
1456 2837 1507 2913 qui

182 2938 303 3012 quidem
329 2947 451 3014 propter
476 2947 603 2998 aetatem
624 2939 664 2997 ad
684 2939 763 3000 hanc
784 2939 1014 3016 disputationem
1035 2942 1184 3017 pertinere
1204 2939 1323 3017 possint
1343 2948 1373 2998 et
1393 2946 1508 3016 patrem

184 3037 340 3097 habuerint
360 3039 554 3116 praenomine
575 3049 629 3099 aut
647 3040 734 3100 Lucii
756 3050 809 3100 aut
829 3042 951 3100 incerto.
995 3039 1168 3100 Omittimus
1190 3041 1281 3117 igitur
1301 3039 1377 3098 duos
1399 3037 1435 3097 L.
1458 3039 1508 3097 Pi·

184 3156 272 3198 sones
295 3137 392 3198 Gnaei
418 3140 497 3200 filios
522 3158 585 3201 eos.
613 3159 640 3200 a.
663 3161 691 3200 u.
712 3159 737 3199 c.
755 3143 813 3201 753
841 3149 872 3200 et
896 3159 926 3217 p.
942 3139 1013 3200 Chr.
1030 3139 1084 3212 273
1110 3143 1189 3200 hunc
1216 3140 1294 3198 enim
1314 3140 1386 3198 licet
1411 3139 1509 3216 ipsum

184 3249 307 3317 propter
340 3242 435 3317 patris
470 3243 645 3302 memoriam
678 3243 846 3301 damnatam
878 3259 1061 3317 praenomen
1095 3239 1193 3300 Gnaei
1224 3240 1342 3298 abicere
1373 3249 1509 3298 coactum

185 3338 277 3414 (Tac.
307 3359 375 3400 ann.
403 3343 437 3414 3,
461 3342 518 3418 17)
549 3351 656 3420 postea
687 3360 807 3419 quoque
833 3339 930 3400 Gnaei
962 3341 1057 3399 filium
1089 3341 1238 3399 mansisse
1268 3347 1348 3398 recte
1379 3339 1508 3398 dubitari

185 3459 245 3498 non
277 3451 393 3517 potest3
425 3451 505 3502 certe
535 3443 567 3502 in
598 3443 695 3502 indice
726 3442 835 3501 Dionis
866 3441 962 3499 Iulius
989 3440 1141 3498 Antonius
1174 3438 1312 3497 similiter
1342 3439 1511 3515 appellatur

185 3541 280 3600 Marci
309 3543 399 3603 filins.
447 3543 587 3620 Denique
617 3542 653 3601 L.
683 3541 866 3619 Calpurnius
892 3542 964 3601 Piso
990 3539 1084 3617 Frugi
1110 3538 1299 3610 Licinianus,
1332 3539 1357 3597 si
1390 3537 1510 3613 quidem

185 3651 264 3701 recta
295 3661 388 3720 supra
418 3643 574 3704 docuimus
600 3643 751 3703 Liciniani
780 3660 888 3700 nomen
920 3660 988 3700 eum
1020 3658 1080 3699 non
1112 3640 1150 3698 ab
1182 3639 1342 3715 adoptione
1369 3638 1511 3710 traxisse,

186 3742 281 3802 Marci
307 3744 388 3804 lilius
409 3743 479 3816 fuit,
506 3764 567 3804 non
587 3744 683 3805 L'ucii.
725 3743 774 3803 Ita
795 3762 855 3802 uon
876 3750 990 3802 restant
1010 3742 1070 3800 nisi
1092 3749 1166 3812 tres,
1194 3739 1361 3816 dequibus
1384 3739 1510 3816 cogitari

185 3843 290 3920 possit,
312 3847 365 3921 qui
386 3853 458 3905 sunt
477 3845 519 3905 hi.

274 3945 301 4004 1.
343 3945 379 4012 L.
403 3945 585 4022 Calpurnius
606 3945 642 4005 L.
665 3945 685 4004 f.
708 3945 781 4004 Piso
803 3943 936 4022 (Frugi)
959 3944 1065 4004 consul
1086 3964 1113 4003 a.
1129 3943 1206 4016 739,
1232 3951 1368 4004 mortuus
1392 3948 1511 4017 octoge-

186 4045 289 4103 narius
311 4065 339 4104 a.
354 4067 383 4106 u.
398 4065 425 4106 e.
442 4047 501 4106 785
521 4071 559 4098 --
579 4065 608 4123 p.
625 4043 696 4106 Chr.
713 4045 768 4118 32,
793 4047 831 4105 de
851 4064 911 4123 quo
934 4063 1026 4122 supra
1047 4044 1187 4104 diximus.
1228 4042 1325 4120 Frugi
1346 4057 1510 4117 cognomen

186 4145 362 4222 plerumque
383 4146 538 4206 omittitur.

271 4244 300 4304 2.
342 4246 378 4305 L.
401 4245 583 4322 Calpurnius
605 4247 679 4306 Piso
707 4249 734 4306 is
759 4248 811 4323 qui
836 4247 953 4324 legatus
974 4245 1141 4323 Hispaniae
1162 4245 1308 4306 citerioris
1329 4245 1420 4322 periit
1440 4265 1466 4304 a.
1482 4263 1510 4320 p.

190 4343 261 4404 Chr.
278 4345 328 4418 26,
350 4365 439 4423 quem
459 4347 553 4406 lilium
575 4347 781 4425 praecedentis
802 4346 897 4406 fuisse
918 4346 1013 4406 videri
1036 4364 1128 4421 sopra
1148 4347 1382 4406 observavimus.

267 4531 290 4594 ¹)
317 4534 375 4582 Hoc
397 4533 526 4582 siveram
551 4539 603 4595 est,
627 4533 694 4582 tituli
717 4532 769 4583 duo
788 4530 1069 4591 urbanuaMur.163,
1089 4531 1104 4578 2
1130 4529 1206 4579 hodie
1230 4529 1257 4578 in
1277 4528 1406 4593 Capitolio
1425 4527 1511 4576 adser-

187 4629 274 4672 vaturr
292 4620 363 4674 Iolla
381 4623 429 4683 (sic
445 4623 547 4674 ridetur
564 4638 620 4674 ease
637 4624 664 4674 in
683 4625 770 4687 lapide
788 4623 855 4672 mala
873 4620 979 4685 scripto)
997 4617 1030 4668 L.
1050 4617 1154 4668 Pisonis
1167 4617 1275 4684 1202er
1295 4617 1404 4667 Aemilia
1419 4613 1512 4681 Helpr's

188 4713 292 4762 menti
300 4711 367 4776 feeit
386 4719 413 4762 at
431 4714 535 4765 Veleias
555 4713 623 4779 apud
641 4715 748 4764 Lamum
767 4713 827 4762 iser.
847 4709 916 4762 dello
933 4708 1007 4760 scala
1024 4706 1138 4758 Faraese
1156 4725 1181 4772 p.
1195 4709 1244 4758 6οι
1268 4704 1300 4758 1..
1322 4705 1460 4773 Calprmaio
1480 4701 1512 4753 L.

181 4802 208 4867 s.
227 4800 319 4852 Pisoni
333 4803 425 4870 pontis.
445 4819 495 4854 coa.
514 4805 571 4869 pari
590 4805 646 4854 iure
664 4803 753 4854 reisrri
771 4809 891 4868 poterant
908 4800 942 4850 ad
960 4800 1078 4850 eonsules
1097 4813 1121 4850 s.
1135 4815 1159 4848 u.
1173 4815 1195 4849 c.
1210 4799 1262 4848 739
1281 4804 1308 4846 et
1326 4813 1352 4860 p.
1365 4796 1427 4847 Chr.
1442 4795 1486 4845 57.

264 4890 290 4954 ²)
316 4889 438 4958 Κρᾶσσος
455 4881 626 4963 &ascripsere
643 4891 689 4944 τῶν
706 4883 832 4962 Κριῖσσων
851 4886 945 4941 latirus
964 4885 1062 4957 ἶῃονος
1080 4890 1150 4954 apud
1167 4889 1278 4940 Dionem
1296 4887 1340 4948 68,
1355 4888 1386 4950 33
1407 4882 1513 4952 Calpur-

190 4983 246 5032 niae
268 4979 375 5033 Cracm
394 4983 421 5034 in
437 4985 550 5036 Victoris
569 4986 681 5051 epitoma
700 4985 743 5049 13,
759 4987 774 5035 7
780 5003 789 5046 ,·
810 4982 895 5051 Frugi
915 4979 1023 5034 &casm
1041 4981 1069 5032 in
1087 4981 1156 5032 vitae
1174 4978 1299 5032 Hadriani
1318 4993 1340 5029 c.
1354 4977 1384 5040 5;
1407 4973 1515 5028 Crassus

190 5073 259 5138 apud
277 5073 390 5125 Dionem
410 5075 454 5136 68,
470 5074 513 5125 16.

267 5161 293 5224 ⁸)
318 5165 447 5216 Martialis
465 5167 491 5227 4,
505 5165 550 5216 40.
