3736 5822
164 567 296 618 101·1oc
591 563 1076 626 vonraumomssmnavu.
1449 551 1495 621 27

165 735 228 796 101
248 736 280 794 in
301 735 371 813 ipss
390 734 489 813 pinea.
531 735 697 794 Praeneste
717 736 749 794 in
771 737 860 794 vines
881 735 971 796 Dom.
994 734 1135 796 Cecconi.
1178 737 1288 798 Adhuc
1310 739 1429 798 ibidem.

690 904 978 948 u·sarnma1·c·r

165 1041 215 1100 Ad
237 1051 377 1119 ectypum
400 1047 555 1118 acceptum
577 1059 596 1099 s
612 1041 650 1100 D.
666 1042 834 1114 Bonaunio,
856 1041 936 1118 quod
952 1061 1007 1102 nos
1023 1061 1083 1102 non
1099 1043 1238 1114 vidimus,
1260 1043 1422 1104 Henzenus
1436 1045 1498 1104 edi·

167 1142 212 1200 dit
231 1142 314 1200 Ruti.
336 1140 414 1201 1866
436 1162 465 1218 p.
485 1142 553 1200 135.
591 1142 839 1220 Trendelenburg
860 1143 933 1220 legit
955 1158 1105 1215 sarmati,
1127 1144 1164 1202 de
1186 1161 1204 1202 1¹
1226 1145 1326 1203 litters
1346 1145 1496 1206 dubitans.

167 1347 252 1408 102⁶
266 1349 375 1412 litteris
389 1348 479 1408 solito
493 1348 656 1408 maioribus
670 1349 700 1407 in
716 1349 782 1407 basi
796 1349 912 1427 pineae.
936 1349 1101 1410 Praeneste
1115 1351 1145 1408 iu
1157 1351 1246 1410 vinea
1255 1350 1346 1410 Dom.
1358 1349 1497 1412 Ceccoui.

668 1516 711 1560 c·
727 1517 887 1560 saraicanr
903 1530 911 1547 ·
926 1519 945 1559 u
959 1531 967 1547 ·
983 1519 999 1561 s

168 1653 319 1732 Ectypum
347 1654 430 1714 misit
454 1653 618 1713 Henzenus
646 1663 802 1732 acceptum
830 1673 849 1713 s
875 1654 916 1713 D.
944 1655 1102 1715 Bonannio
1130 1656 1281 1732 ediditque
1309 1657 1392 1716 Ball.
1418 1656 1496 1716 1866

168 1773 198 1831 p.
217 1756 286 1814 134.

208 1854 343 1930 [Titulus
369 1855 418 1914 hic
444 1856 555 1933 quique
581 1865 749 1932 sequuntur
774 1857 833 1916 soli
858 1856 921 1916 lere
948 1857 1089 1931 probant,
1117 1857 1300 1932 quicumque
1326 1856 1498 1916 Praenesti·

167 1975 273 2016 norum
301 1975 360 2014 non
382 1958 517 2033 concepti
543 1959 604 2016 sint
628 1975 700 2016 casu
727 1958 838 2033 primo,
865 1957 903 2015 ad
930 1957 1091 2014 secundum
1120 1958 1306 2016 revocandos
1328 1975 1410 2028 esse,
1436 1973 1496 2016 non

169 2056 207 2114 ad
228 2058 362 2128 tertium3
384 2076 452 2117 nam
476 2058 643 2130 mulierum,
666 2058 820 2128 ut1,147
845 2057 944 2116 Setini
964 2055 1003 2114 J..
1026 2055 1092 2132 Opi,
1114 2065 1175 2115 tam
1197 2057 1236 2116 sd
1258 2058 1428 2133 genetivum
1451 2075 1498 2116 ac·

168 2159 352 2220 commodari
372 2168 498 2234 possunt
519 2177 609 2235 quam
631 2159 669 2217 ad
691 2159 821 2230 tertium,
846 2159 978 2216 virorum
999 2167 1098 2216 autem
1119 2158 1255 2234 plerique
1276 2158 1307 2216 in
1329 2162 1341 2214 i
1361 2156 1497 2216 linientes

169 2267 229 2316 tam
256 2259 294 2316 ad
315 2259 531 2318 nominativum
556 2278 646 2335 quam
669 2259 707 2317 ad
728 2259 908 2337 genetivum.
950 2260 993 2317 At
1014 2277 1096 2328 eum,
1125 2267 1204 2316 certe
1231 2258 1393 2318 seeundum
1415 2257 1497 2333 leges

168 2359 411 2420 nomenclaturae
433 2360 602 2431 Romanae,
630 2361 801 2420 Satricanus
824 2359 1006 2436 requiratur,
1034 2359 1082 2417 hic
1103 2359 1259 2435 genetivus
1280 2357 1497 2435 intellegendus

169 2468 222 2518 est
267 2459 456 2536 Quamquam
481 2462 569 2520 titulo
591 2462 686 2520 fracto
707 2461 773 2538 eph.
794 2459 868 2532 129,
893 2461 1006 2535 inquo
1029 2467 1076 2518 est
1098 2449 1237 2552 turcanis,
1257 2469 1357 2535 potest
1378 2459 1498 2519 defendi

169 2561 312 2638 gentilitii
332 2561 461 2621 iormam
481 2562 708 2622 Praenestinam
731 2561 826 2621 luisse
848 2559 1056 2620 Satricanium.
1099 2560 1160 2619 Tu.
1180 2559 1235 2636 M.]

170 2767 237 2828 103
259 2768 432 2829 Praeneste.

666 2868 705 2909 x·
723 2865 888 2910 satureum
904 2880 912 2895 ·
928 2867 947 2907 κ
962 2878 968 2893 ·
985 2866 1001 2908 s

170 3005 319 3082 Ectypum
346 3008 429 3066 misit
448 3005 622 3067 Henzenus.
644 3039 683 3049 -
709 3003 808 3078 Quam
833 3005 864 3062 in
891 3003 957 3062 basi
979 3002 1127 3078 quadrata
1147 3003 1254 3077 pineae
1276 3002 1356 3078 apud
1377 3002 1497 3062 Bonan·

170 3108 252 3165 nium
274 3107 567 3184 Trendelenburgius
593 3107 669 3165 vidit
692 3121 856 3166 ...Acium
873 3134 880 3149 ·
896 3122 915 3162 κ
929 3134 937 3149 ·
952 3120 983 3176 r,
1010 3111 1061 3163 aut
1086 3104 1160 3162 haec
1187 3112 1234 3161 est
1262 3102 1358 3162 fracta
1384 3113 1437 3161 aut
1463 3121 1499 3161 ea

171 3226 249 3284 quae
269 3209 429 3284 praeeedit.

170 3414 261 3476 tot·
283 3415 314 3474 in
334 3416 432 3492 pines.
475 3416 640 3474 Praeneste
662 3415 693 3474 in
714 3415 804 3473 vinea
824 3413 915 3471 Dom.
938 3410 1075 3472 Cecconi.

731 3519 917 3656 fanaticam

806 3683 843 3724 L·
858 3681 875 3724 1²

172 3825 319 3885 Dedimus
340 3825 379 3884 ad
400 3833 549 3902 ectypum.
593 3822 754 3882 Henzenus
776 3821 858 3882 Ball.
884 3818 962 3878 1866
985 3837 1014 3895 p.
1033 3819 1092 3877 134
1113 3835 1132 3875 s
1153 3816 1193 3876 D.
1214 3815 1372 3876 Bonanuio
1395 3833 1499 3892 aceep-

173 3937 235 3985 tam
255 3927 350 3986 edidit
371 3927 428 3985 sic:
450 3933 656 3985 L·SATlthANl
669 3965 759 3982 .....

172 4134 239 4194 105
267 4135 300 4193 in
328 4133 393 4192 basi
420 4133 550 4192 rotunda
575 4132 691 4208 pineae.
734 4129 898 4188 Praeneste
919 4126 1063 4186 infundo
1084 4125 1165 4186 dicto
1187 4125 1218 4186 lu
1243 4124 1416 4186 Colombella
1437 4143 1500 4202 rep.

216 4257 255 4295 m.
278 4234 361 4314 Sept.
383 4254 410 4294 a.
429 4234 517 4294 1868.
560 4232 659 4292 Hodie
680 4236 711 4288 ai
727 4233 820 4306 proti.

682 4403 729 4442 ld·
746 4399 885 4442 SAVFElVS
901 4411 908 4426 ⁸
924 4397 963 4441 Ε·
980 4397 996 4439 P

176 4543 338 4604 Henzenus
361 4542 399 4601 ad
421 4549 559 4619 ectypum
581 4539 705 4599 missum
728 4557 746 4596 a
768 4537 806 4596 D.
829 4533 987 4597 Bonannio
1010 4533 1091 4592 Ball.
1117 4531 1195 4592 1869
1218 4551 1246 4609 p.
1266 4531 1333 4592 165.

219 4643 267 4706 Gi.
289 4645 315 4718 l,
332 4644 400 4704 145.
419 4642 487 4701 146.

180 4850 247 4910 los
267 4851 377 4910 litteris
399 4850 489 4909 solito
510 4849 675 4908 maioribus
695 4847 727 4904 in
746 4847 812 4904 basi
833 4844 980 4922 quadrata
999 4844 1115 4919 pineae.
1158 4841 1321 4899 Praeneste
1343 4836 1421 4914 apud
1443 4835 1502 4894 Bo-

222 4953 374 5011 nennium.

798 5045 888 5088 savus

190 5165 358 5244 Descripsit
377 5167 627 5245 Trendelenburg.
