3742 5826
333 557 407 632 106
882 573 1220 654 nuncnune:
1339 575 1342 582 ’

334 751 407 808 111111
434 751 469 808 da
493 745 720 824 a[ccustots]ooe
744 747 939 820 mandassem,
966 750 1050 806 116166
1072 747 1171 806 conco
1193 743 1420 822 lao[dctioaem].
1466 745 1532 818 Quo
1553 751 1663 806 ratione

334 851 458 925 effectum
478 860 530 919 ast,
553 846 724 923 61606666]
746 847 782 908 ab
803 852 1001 908 accusatione
1021 849 1187 906 decoras
1207 856 1233 906 at
1245 865 1274 922 q.
1288 863 1312 905 s.

417 949 476 1009 His
502 948 677 1026 praemissis
704 966 781 1025 quae
807 949 845 1008 de
871 949 958 1009 trium
981 947 1149 1010 Galliarum
1175 947 1302 1006 concilio
1330 946 1441 1006 tradita
1467 956 1550 1020 sunt,
1578 949 1662 1007 brevi

334 1050 575 1127 complectamur.
611 1049 770 1110 Kalendae
785 1050 951 1127 Augustae,
973 1049 1081 1127 quibus
1103 1067 1156 1108 ara
1171 1047 1309 1108 dedicata
1323 1058 1396 1120 erat,
1418 1067 1479 1108 uon
1493 1048 1591 1109 solum
1606 1051 1662 1109 sub

336 1151 441 1228 primis
467 1151 715 1227 imperatoribus,
742 1151 796 1211 sed
822 1151 912 1211 etiam
937 1152 1026 1210 tertio
1051 1149 1171 1210 saeculo
1198 1150 1278 1227 (Dio
1305 1147 1392 1209 (lass.
1416 1151 1471 1221 54,
1491 1150 1544 1226 32)
1572 1151 1663 1209 trium

336 1249 504 1312 Galliarum
519 1260 669 1312 conventu
683 1263 713 1312 et
727 1253 808 1311 omni
822 1252 960 1311 ludorum
974 1260 1121 1331 apparatu
1136 1250 1276 1328 Lugduni
1289 1250 1524 1321 celebrabantur,
1546 1269 1663 1309 eorum·

335 1371 395 1428 clue
417 1353 666 1430 spectaculorum,
687 1371 764 1430 quae
785 1353 827 1412 ibi
849 1354 930 1413 edita
951 1369 1019 1412 esse
1040 1359 1070 1413 et
1092 1353 1254 1430 scriptores
1276 1360 1305 1412 et
1319 1359 1511 1412 monumenta
1524 1351 1665 1430 produnt,

334 1453 473 1514 ludorum
495 1455 689 1526 scenicorum,
712 1455 900 1528 circensium,
921 1474 1076 1515 munerum
1091 1454 1347 1532 gladiatoriarum,
1368 1453 1568 1524 venationum,
1591 1471 1664 1512 nau·

334 1555 529 1628 trachiarum,
552 1574 613 1615 nou
635 1556 788 1616 minimam
809 1563 924 1633 partem
944 1556 983 1615 ad
1000 1557 1091 1616 huius
1106 1555 1166 1615 diei
1180 1555 1380 1616 celebritatem
1397 1555 1580 1632 spectavisse
1594 1572 1665 1613 con·

335 1663 510 1716 santaneum
530 1665 578 1717 est
599 1656 641 1733 (v.
665 1657 805 1717 Boissieu
828 1676 857 1734 p.
873 1657 1025 1735 461sqq.;
1046 1656 1176 1716 Ruinart
1192 1659 1271 1716 Acta
1284 1657 1371 1716 Mart.
1393 1677 1423 1735 p.
1440 1655 1558 1733 67611.)
1601 1657 1664 1714 Ac·

336 1765 489 1816 cessenmt
511 1757 567 1816 sub
582 1756 721 1835 Caligula
739 1760 892 1817 rhetorum
906 1761 1026 1836 quoque
1041 1757 1225 1819 Graecorum
1240 1758 1475 1834 Latinorumque
1489 1756 1662 1827 certamina,

337 1857 375 1916 ds
397 1857 506 1933 quibus
528 1858 565 1918 61
588 1856 670 1920 Suet.
693 1857 829 1934 061101
851 1859 975 1919 qusoal
992 1862 1020 1934 1,
1035 1861 1085 1919 44.
1129 1861 1180 1920 Ad
1200 1861 1277 1919 hone
1299 1858 1515 1919 solemnitatem
1537 1879 1556 1918 a
1577 1877 1665 1917 sexa·

335 1957 419 2034 ginta
445 1965 574 2034 quatuor
600 1959 771 2021 civitatibus
797 1961 888 2039 legati
911 1962 998 2021 missi
1024 1969 1094 2020 sunt
1121 1979 1188 2022 cum
1213 1961 1378 2032 mandatis,
1406 1961 1458 2036 qni
1479 1969 1509 2020 at
1529 1960 1560 2018 in
1581 1960 1662 2019 ludis

337 2066 420 2117 certa
439 2058 507 2119 loca
526 2060 676 2121 habebant
698 2061 812 2138 (Boiss.
834 2079 863 2138 p.
879 2060 954 2137 467)
978 2072 1007 2122 61
1027 2062 1120 2121 linitis
1141 2061 1221 2121 ludis
1237 2061 1399 2121 concilium
1411 2061 1583 2138 provinciae
1596 2079 1666 2119 con·

336 2159 508 2218 stituebant.
544 2160 578 2220 ln
599 2180 727 2239 quorum
751 2181 873 2222 numero
895 2165 975 2240 quod
997 2173 1062 2221 erat
1082 2161 1212 2224 Sennius
1227 2160 1398 2234 Sollemnis,
1420 2179 1508 2238 quem
1530 2162 1664 2220 diximus

336 2259 521 2320 sacerdotem
543 2280 613 2321 arae
634 2263 782 2322 nominari
803 2263 835 2322 in
857 2281 1005 2322 marmore
1019 2263 1211 2343 Torignensi,
1233 2262 1303 2322 inde
1324 2281 1385 2322 non
1400 2263 1539 2336 efficitur,
1560 2280 1664 2322 omnes

335 2359 451 2437 legatos
476 2362 572 2421 fuisse
598 2363 781 2422 sacerdotes.
826 2364 936 2437 Immo,
964 2365 1114 2424 siveram
1137 2365 1317 2423 Mommseni
1342 2363 1581 2440 supplementum
1608 2373 1664 2436 est,

335 2460 383 2520 cui
409 2461 463 2522 illa
487 2463 652 2524 sacerdotis
677 2445 838 2542 appellatio
864 2466 1001 2538 debetur,
1028 2473 1081 2525 aut
1104 2482 1181 2524 unus
1203 2463 1369 2541 legatorum
1391 2465 1558 2524 sacerdotio
1580 2483 1665 2540 prae-

334 2561 429 2622 fuisse
451 2571 504 2622 aut
525 2564 705 2643 legationem
720 2566 894 2644 suscepisse
908 2566 1077 2626 sacerdotio
1091 2575 1297 2626 consummato
1312 2566 1478 2626 credendus
1492 2574 1548 2625 est.
1585 2564 1664 2624 Con·

335 2661 397 2722 cilii
425 2682 497 2724 vero
525 2675 589 2724 erat
613 2666 760 2743 primum,
789 2667 878 2726 aedes
906 2685 1010 2728 sacres
1037 2669 1114 2727 tueri
1140 2679 1170 2728 et
1195 2668 1296 2726 omnia
1321 2675 1404 2726 sarta
1429 2675 1508 2726 tecta
1533 2668 1664 2744 exigere,

336 2781 402 2821 cum
424 2772 454 2821 et
475 2767 618 2842 templum
641 2775 679 2826 et'
692 2775 792 2825 cetera
811 2767 949 2827 aedificia
969 2787 989 2826 a
1010 2768 1183 2844 provincias
1205 2768 1377 2846 civitatibus
1398 2776 1551 2828 exstructa
1565 2778 1665 2828 essent

338 2860 467 2937 (Strabo
493 2866 513 2924 4
541 2885 571 2943 p.
596 2865 689 2941 191),
719 2867 826 2926 deinde
855 2869 992 2927 ludorum
1021 2869 1295 2946 sacrificiorumque
1322 2871 1487 2947 impensam
1516 2871 1663 2929 sustinere

340 2981 503 3041 servosque
531 2973 560 3024 et
588 2967 711 3027 libertos
733 2969 836 3045 templi
863 2968 1006 3045 (libertam
1029 2974 1114 3030 triam
1138 2969 1305 3030 Galliarum
1324 2971 1418 3030 habes
1440 2970 1519 3047 apud
1541 2969 1665 3030 Henzen

336 3081 365 3122 n.
382 3062 478 3142 6396)
505 3065 593 3128 alere.
638 3069 688 3128 Ad
713 3069 907 3129 1166661616
934 3071 1097 3131 constituta
1125 3083 1190 3132 erat
1216 3091 1301 3146 arca,
1328 3072 1375 3132 cui
1401 3072 1544 3148 praefecti
1569 3071 1664 3130 inisse

338 3164 478 3226 videntur
504 3167 625 3228 allectos·
648 3169 813 3230 Galliarum
836 3171 953 3248 (Boias.
976 3193 1006 3250 p.
1022 3171 1112 3250 05911
1139 3175 1224 3233 iodea
1249 3193 1335 3234 orcae
1359 3173 1525 3233 Galliarum
1547 3172 1664 3247 (Boias.

336 3264 452 3340 16176.
475 3266 564 3346 179),
590 3274 745 3347 inquisitor
767 3271 932 3333 Galliarum
958 3274 1016 3350 (ib.
1038 3292 1068 3351 p.
1084 3275 1154 3335 165.
1176 3274 1261 3352 166).
1304 3275 1467 3334 Praeterea
1491 3293 1510 3332 a
1535 3274 1665 3333 concilio

335 3374 365 3426 et
386 3369 529 3429 sacerdos
551 3389 621 3430 arae
642 3374 809 3446 creabatur,
830 3374 861 3433 id
882 3375 964 3451 quod
984 3393 1129 3454 apparere
1144 3376 1261 3436 videtur
1282 3395 1299 3434 e
1317 3376 1404 3436 titulo
1416 3375 1525 3435 Licinii
1548 3374 1664 3449 (Boias.

333 3487 364 3545 p.
381 3468 435 3541 923
458 3472 623 3532 Mommsen
639 3475 753 3534 Annali
770 3476 850 3535 185³
872 3475 983 3553 pcc),
1006 3476 1069 3556 [qui
1089 3478 1145 3536 doc
1168 3486 1196 3536 et
1214 3477 1330 3554 csspioti
1350 3477 1560 3553 caedebatur
1583 3495 1663 3535 crsa-

335 3568 393 3645 1]66
414 3572 562 3648 6116661066
583 3575 650 3651 act];
672 3583 703 3634 et
721 3577 794 3636 viris
816 3576 854 3636 de
874 3577 1029 3653 provincia
1049 3578 1124 3638 bene
1146 3577 1260 3638 meritis
1282 3585 1400 3638 statuas
1421 3577 1664 3650 decernebantur,

334 3687 409 3745 quas
432 3689 536 3734 omnes
558 3676 646 3738 trium
662 3675 832 3737 Galliarum
855 3679 975 3738 nomine
996 3679 1161 3739 collocatas
1174 3679 1303 3756 legimus
1324 3680 1469 3756 (exempli
1483 3698 1508 3738 c.
1525 3698 1551 3738 r.
1569 3678 1666 3738 Orelli

336 3771 428 3832 3650.
450 3775 545 3848 36533
568 3775 692 3836 11661611
708 3777 799 3837 5668.
820 3778 911 3837 6911.
932 3778 1044 3855 6950),
1067 3788 1097 3838 et
1117 3779 1208 3859 legati
1231 3780 1424 3840 mittebantur
1446 3779 1484 3839 ad
1505 3781 1665 3858 imperato·

334 3892 408 3946 ram,
430 3877 481 3951 qui
504 3883 557 3935 aut
576 3877 727 3942 desideria
747 3879 919 3957 provinciae
941 3879 1091 3939 deferrent
1111 3889 1164 3940 aut
1184 3881 1350 3958 praesidem
1372 3881 1547 3960 provinciae·
1561 3881 1666 3940 lauda·

336 3982 403 4034 rent
424 3977 472 4036 val
494 3987 676 4038 accusarent.

418 4077 447 4134 8.
483 4079 591 4138 Acras
607 4078 802 4138 Mamercus.
839 4079 960 4140 Titulus
981 4083 1052 4141 anni
1069 4084 1125 4143 181
1144 4102 1173 4160 p.
1190 4081 1261 4144 Ohr.
1287 4083 1339 4160 qui
1359 4091 1406 4144 est
1419 4084 1500 4161 apud
1516 4083 1664 4144 Orellium

336 4195 365 4233 n.
380 4173 462 4234 2214
488 4187 568 4236 recte
592 4178 726 4256 suppleri
748 4180 866 4241 videtur
892 4180 1060 4250 Flauio-
1084 4185 1192 4244 Sabino
1215 4216 1253 4228 -
1277 4217 1317 4228 -
1340 4183 1436 4244 Ilciro
1451 4188 1521 4263 soro
1543 4185 1667 4245 Iulisosi

335 4275 479 4353 (flamini)
497 4282 664 4355 6666166616
685 4280 806 4358 Alpium
827 4286 1043 4344 nauticorum.

420 4379 447 4439 9.
486 4377 689 4444 0661111111.
733 4383 864 4461 Augusti
886 4392 994 4458 aetate,
1015 4403 1077 4462 qua
1094 4386 1223 4446 Romani
1246 4395 1337 4446 totam
1355 4386 1547 4448 Germaniam
1570 4403 1666 4463 usque

335 4481 373 4540 ad
395 4481 496 4540 Albim
524 4483 584 4542 non
610 4483 707 4544 solum
734 4485 887 4546 domuisse
913 4488 966 4546 scd
992 4488 1081 4546 etiam
1108 4488 1138 4547 in
1165 4487 1336 4565 provinciae
1362 4489 1488 4549 sormam
1511 4487 1665 4565 redegisse

335 4582 395 4648 sibi
416 4584 604 4659 videbantur,
627 4605 681 4646 aro
701 4586 843 4648 Ubiorum
863 4598 1041 4649 consecrata
1061 4599 1115 4662 est,
1137 4589 1217 4666 apud
1238 4609 1327 4667 quam
1350 4607 1385 4648 eo
1407 4609 1492 4660 6666,
1514 4607 1571 4664 quo
1595 4587 1667 4648 Ger·

335 4687 449 4744 6166166
476 4687 630 4759 damone,
658 4691 794 4750 sacerdos
815 4700 926 4750 creatus
949 4691 1230 4768 6166916666666,
1259 4691 1383 4768 chsstis
1399 4691 1480 4767 filice
1506 4689 1666 4751 0161666116

336 4783 424 4858 (Tac.
441 4804 509 4848 ann.
529 4787 634 4865 1,57).
670 4791 747 4852 Post
766 4790 883 4853 cladem
897 4792 1060 4852 Varianam
1081 4800 1112 4853 et
1132 4792 1304 4870 provinciae
1324 4793 1407 4852 illius
1425 4790 1580 4853 faciendae
1594 4809 1667 4850 con·

335 4885 436 4946 silium
462 4888 610 4948 abiectum
636 4899 667 4950 st
691 4890 789 4952 cultus
815 4891 869 4952 illa
891 4893 1063 4968 provincias
1088 4893 1218 4954 6116111116
1240 4911 1307 4955 6666
1328 4894 1455 4966 videtur,
1483 4892 1606 4955 sedvel
1628 4911 1667 4951 ax

335 4989 432 5060 161611,
458 5003 535 5066 quaa
560 4991 626 5052 aios
647 4998 749 5056 exstat
769 4991 849 5069 apud
871 4992 1024 5068 Tacitum,
1052 4995 1198 5056 memoria
1217 4995 1247 5057 id
1269 5015 1414 5076 apparare
1435 4995 1540 5068 eredo,
1568 5009 1667 5054 sacer·

338 5087 451 5150 dotium
473 5107 543 5153 arae
560 5091 712 5156 Ubiorum
732 5089 826 5160 luisse
847 5110 989 5155 annuum.
