3736 5822
602 567 900 624 onsnnvnmouns
916 571 1037 625 urion.
1055 574 1079 629 1.
1099 575 1139 625 11.
1486 559 1533 631 57

203 739 340 798 medicas
368 747 492 816 propter
517 741 715 800 medicamina
734 741 859 802 Caesari
885 743 1023 803 iacienda
1044 763 1076 804 se
1099 747 1235 806 vinorum
1257 749 1455 812 Falernornm
1476 753 1534 814 eel-

204 839 251 898 lae
277 841 488 916 imperatoriae
514 859 670 901 recensum
696 842 805 902 iecisse
826 843 913 903 lectis
936 845 1031 904 titulis
1053 847 1196 924 primum,
1223 857 1255 907 ut
1274 870 1330 927 par
1351 860 1415 911 erat
1436 854 1535 912 erudi·

204 949 269 998 tum
289 941 403 1013 facere,
425 941 545 1012 deinde,
571 951 605 1001 nt
626 943 752 1003 decebat
773 944 870 1004 virum
891 946 1067 1020 prudentem
1089 957 1120 1006 et
1140 959 1270 1023 cautum,
1292 971 1330 1010 ne
1351 953 1428 1013 tituli
1450 954 1535 1014 falle·

204 1049 283 1112 rent,
311 1045 484 1120 gustatione
505 1043 654 1116 instituta,
680 1044 855 1120 videturque
876 1065 937 1104 noo
959 1047 1023 1105 sine
1044 1047 1155 1106 idonea
1174 1067 1268 1108 cause
1292 1063 1394 1113 sancte
1416 1071 1535 1114 asseve-

204 1159 272 1202 rare
293 1143 408 1218 optima
428 1163 565 1222 quaeque
588 1145 784 1222 undecunque
806 1147 844 1204 ad
865 1147 1061 1222 imperatores
1074 1149 1183 1209 afferri.
1220 1151 1320 1211 Huius
1335 1155 1535 1230 expeditionis

206 1243 261 1301 etsi
288 1247 428 1304 comitem
449 1244 563 1305 Ursum
589 1246 684 1305 inisse
709 1247 823 1304 nullum
849 1247 991 1305 indicium
1017 1258 1077 1321 est,
1108 1269 1168 1308 non
1195 1251 1295 1311 minus
1322 1263 1401 1312 recte
1423 1255 1535 1316 amicos

203 1342 308 1404 iubere
329 1347 428 1422 potuit
446 1353 575 1405 statuam
598 1346 654 1404 sibi
675 1346 786 1406 iactam
807 1347 903 1406 hilare
925 1348 1075 1408 celebrare
1096 1351 1174 1410 vinis
1196 1371 1262 1410 cum
1284 1371 1392 1430 genere
1413 1355 1535 1433 optimis

206 1451 269 1504 tum
291 1445 475 1523 depromptis
497 1467 536 1507 ex
558 1448 636 1507 cella
656 1466 693 1506 ea
714 1467 792 1525 qnae
813 1449 947 1508 omnium
968 1449 1178 1512 laudatissima
1197 1453 1263 1514 fnit.

768 1643 973 1655 -ι-ι--ι-ι-

501 1875 505 1886 .
625 1833 665 1892 11.
708 1831 766 1894 DE
788 1831 920 1894 IVNIIS
944 1833 1119 1896 SILANIS.

289 1967 442 2026 iuniorum
458 1967 628 2030 Silanorum
651 1970 756 2028 domus
779 1988 833 2045 per
853 1969 912 2028 duo
933 1969 1054 2028 saecula
1074 1971 1185 2030 liberae
1205 1971 1386 2050 reipublicae
1401 1984 1536 2036 extrema

207 2067 365 2144 splendida
391 2078 421 2127 et
446 2070 502 2128 sub
528 2069 759 2147 imperatoribus
781 2069 866 2128 Iuliis
889 2089 942 2147 per
963 2071 1141 2129 affinitatem
1162 2091 1230 2130 cum
1252 2075 1320 2150 ipsa
1346 2075 1461 2135 familia
1481 2078 1535 2136 im·

206 2169 357 2246 peratorie
381 2168 470 2228 etiarn
497 2171 593 2247 magis
620 2169 776 2230 nobilitata
800 2171 870 2230 licet
896 2179 1097 2230 enormiorem
1120 2182 1207 2232 nacta
1228 2173 1267 2232 sit
1288 2193 1436 2235 summurn
1458 2175 1536 2236 Bor·

207 2269 342 2346 ghesium
363 2271 395 2328 in
415 2271 628 2330 commentario
650 2271 735 2348 (opp.
757 2270 853 2329 vol.5
875 2289 905 2346 p.
923 2271 1100 2348 let-233)
1123 2273 1235 2348 scripto
1257 2293 1284 2333 a.
1304 2275 1397 2348 1819,
1425 2287 1535 2336 retrac-

207 2371 319 2429 tatione
339 2371 370 2428 id
392 2381 519 2430 stemma
532 2372 581 2430 vel
602 2373 731 2430 maxime
752 2372 873 2447 indiget,
896 2390 962 2431 eum
984 2375 1086 2432 nescio
1108 2391 1169 2449 qua
1188 2374 1244 2433 feti
1265 2375 1379 2435 invidia
1400 2397 1439 2435 ex
1460 2377 1536 2439 locis

208 2481 365 2530 anctorum
392 2473 563 2547 depravatis
590 2473 744 2548 titulisque
770 2473 848 2530 male
874 2473 957 2531 lectis
985 2473 1017 2531 in
1042 2475 1121 2532 hunc
1148 2474 1268 2551 quidem
1290 2479 1535 2538 commentarium

207 2571 327 2648 plurimi
353 2574 585 2650 gravissimique
604 2591 721 2632 errores
743 2591 775 2632 se
796 2573 1014 2632 insinuaverint
1034 2593 1094 2632 non
1117 2593 1220 2634 omnes
1241 2575 1338 2634 adhuc
1360 2577 1536 2656 deprehensi

208 2673 386 2749 sublatique.
426 2673 506 2732 Nam
528 2675 565 2733 de
588 2671 700 2734 Silonis
722 2674 841 2750 quidem
863 2675 914 2751 qui
937 2675 1078 2733 vixerunt
1098 2684 1167 2734 ante
1189 2677 1358 2752 Augustum
1380 2678 1454 2754 quid
1475 2699 1536 2738 uon

206 2783 286 2832 recte
301 2775 436 2849 posuerit
448 2773 646 2850 Borghesius,
669 2773 743 2833 satie
765 2775 1003 2834 demonstratum
1025 2784 1070 2834 est
1090 2793 1156 2834 cum
1179 2775 1217 2834 ab
1239 2777 1307 2835 aliis
1328 2785 1390 2836 tum
1406 2779 1535 2838 maxime

208 2875 246 2933 ab
267 2874 387 2951 egregio
408 2874 636 2952 inscriptionum
655 2874 891 2934 Lebasianarnm
913 2884 1084 2934 enarratore
1099 2877 1335 2954 Waddingtonio
1357 2878 1396 2936 ad
1417 2878 1535 2936 titulum

207 2975 396 3052 Mylasenum
417 2996 446 3034 n.
458 2975 518 3034 409
541 2985 571 3034 et
591 2976 650 3034 iam
672 2978 703 3035 in
726 2993 843 3034 summa
863 2995 895 3035 re
917 2976 947 3033 in
969 2977 1178 3036 adnotationes
1193 2987 1343 3052 receptum
1359 2978 1396 3036 ad
1411 2977 1536 3038 alteram

208 3075 406 3152 Borghesiani
428 3077 632 3135 commentarii
654 3076 816 3136 editionem
837 3076 977 3153 operibus
999 3079 1063 3136 eius
1082 3079 1223 3136 insertam
1243 3076 1391 3150 adiectae,
1414 3088 1537 3156 atquae

209 3177 394 3236 emendanda
419 3175 535 3236 sintin
561 3185 645 3255 parte
673 3195 722 3248 ea,
750 3195 827 3253 quae
854 3185 970 3252 spectat
996 3177 1035 3235 ad
1062 3179 1234 3255 Augustum
1262 3179 1388 3254 eiusque
1417 3197 1537 3240 succes·

209 3295 308 3350 sores,
336 3296 404 3336 cnm
429 3297 516 3336 nemo
543 3278 691 3348 docuerit,
713 3279 864 3336 communi
891 3279 1031 3355 opinione
1050 3289 1172 3354 recepta
1192 3279 1318 3336 redeunt
1339 3278 1437 3338 adhoc
1458 3281 1537 3356 apud

210 3397 326 3448 omnes,
355 3379 407 3453 qui
433 3387 569 3454 tempora
592 3397 629 3438 ea
655 3379 881 3438 illustraverunt
901 3388 1078 3437 auctoresve
1100 3396 1203 3436 eorum
1226 3387 1392 3455 temporum
1414 3378 1536 3439 adnota-

210 3487 325 3551 rernnt,
346 3487 498 3555 tamquam
520 3479 688 3540 certissima
713 3493 744 3539 et
764 3489 853 3539 extra
874 3497 991 3536 omnem
1012 3477 1225 3537 dubitationem
1247 3477 1355 3552 posita.
1398 3473 1488 3549 Quod
1510 3481 1537 3538 si

210 3579 241 3637 in
261 3580 339 3638 viris
362 3589 442 3640 esset
462 3580 662 3656 Borghesius,
690 3581 756 3656 ipse
782 3579 893 3638 dudum
919 3579 1009 3637 telam
1031 3578 1225 3649 retexuisset3
1253 3577 1416 3635 eratenim
1439 3596 1478 3635 ex
1499 3578 1536 3638 iis

211 3679 261 3756 qui
283 3680 353 3738 dum
375 3682 479 3739 meunt
499 3681 666 3740 addiscunt.
704 3681 768 3738 lam
790 3680 828 3739 ad
843 3699 898 3739 nos
915 3679 944 3738 id
959 3687 1083 3755 spectat,
1105 3697 1202 3755 neque
1218 3696 1354 3736 veremur
1369 3677 1538 3738 convellere

211 3797 288 3855 qnae
309 3781 422 3858 posuit;
451 3781 521 3839 novi
542 3783 620 3840 euim
643 3799 699 3858 ego
721 3781 817 3840 cirum
839 3792 975 3840 sanctum
998 3789 1027 3841 et
1049 3781 1106 3839 hoo
1127 3780 1189 3839 scio
1210 3779 1309 3857 ipsum
1330 3795 1385 3853 pro
1407 3777 1537 3856 ingenuo

211 3881 282 3951 veri,
305 3901 365 3938 non
384 3883 430 3940 sni
446 3882 545 3941 studio
559 3882 656 3958 magis
671 3884 847 3957 plausururn
861 3883 958 3941 fuisse
972 3883 1021 3956 iis,
1036 3881 1088 3959 qui
1102 3879 1303 3940 monumentis
1318 3887 1426 3956 postea
1438 3898 1537 3955 reper-

212 3981 251 4040 tis
265 3981 361 4040 edocti
376 4001 431 4042 sua
445 3983 644 4054 emendarent,
660 4002 749 4059 quam
764 3983 816 4059 qui
831 3983 1037 4058 compilorent.
1075 3979 1135 4042 Sed
1150 3982 1187 4040 de
1202 3982 1269 4057 ipsa
1283 4001 1316 4039 re
1332 3979 1494 4040 videamus.

295 4081 374 4142 Tota
400 4083 537 4159 quaestio
563 4083 601 4143 ab
628 4101 663 4142 eo
686 4083 810 4160 pendet,
835 4083 956 4159 quinam
978 4083 1102 4142 meritos
1123 4081 1215 4141 luerit
1235 4081 1383 4140 Aemiliae
1404 4079 1537 4156 Lepidae

211 4183 365 4260 proneptis
387 4185 516 4261 Augusti
543 4194 614 4243 natu
640 4185 804 4256 maximae,
832 4183 916 4244 cuius
942 4185 1071 4243 maiores
1098 4183 1286 4259 posterique,
1314 4199 1390 4258 quos
1417 4181 1538 4257 quidem

214 4285 301 4343 certis
323 4292 354 4342 et
373 4284 548 4344 indubitatis
569 4295 724 4344 anctorum
745 4287 927 4344 testimoniis
949 4285 1075 4344 traditos
1097 4285 1270 4354 babeamus,
1291 4281 1323 4342 bi
1346 4289 1425 4342 sunt.

812 4405 969 4480 Augustus

568 4571 610 4629 M.
633 4569 771 4646 Agrippa
792 4591 831 4620 υ
853 4570 934 4627 Iulia
951 4575 1023 4626 nata
1037 4583 1064 4624 a.
1078 4565 1147 4637 715,
1164 4575 1257 4641 nupta
1271 4584 1299 4623 a.
1312 4561 1372 4620 733

326 4731 362 4792 L.
385 4733 533 4793 Aemilius
554 4735 688 4810 Lepidus
710 4757 748 4784 υ
771 4733 852 4793 Iulia
873 4740 989 4791 natac.
1012 4750 1039 4790 a.
1056 4729 1115 4788 735

267 4836 330 4877 cos.
344 4835 370 4874 a.
381 4835 408 4875 u.
418 4835 442 4876 o.
453 4817 514 4876 754
524 4843 560 4867 =
569 4837 599 4896 p.
608 4815 704 4877 Chal

563 5013 691 5031 ......
715 4992 754 5020 υ
776 4969 907 5028 semiue
927 4965 1044 5044 nepus
1065 4975 1138 5024 nau
1158 4983 1184 5026 e.
1199 4981 1227 5023 ι.
1244 4964 1302 5024 751

440 5149 1230 5184 p——d——n——-

359 5187 400 5245 M.
424 5185 546 5249 Silanus
933 5239 938 5246 ,
1118 5180 1155 5239 L.
1177 5177 1300 5240 Silanus

234 5281 322 5330 natus
344 5287 372 5329 a.
389 5269 448 5329 ’167
466 5294 503 5320 =
519 5289 549 5347 p.
563 5265 634 5328 chr.
650 5267 688 5325 14
878 5281 1008 5340 sponsus
1029 5261 1174 5324 Octaviae
1196 5260 1317 5324 Claudii
1336 5259 1408 5338 imp.
1429 5258 1518 5318 filiae.
