3742 5826
342 573 412 642 116
695 603 713 630 ο
861 576 1143 634 DlTantBnRonR

338 670 1665 702 -.......-------·---—--—--——-—--——

339 751 476 826 dudliiou
498 756 580 818 c.1.
602 751 886 830 43800.s.9.t¹).
930 747 1019 823 Quod
1046 749 1072 807 si
1100 747 1177 806 hanc
1204 745 1288 805 vocis
1315 745 1375 802 vim
1403 744 1493 802 etiarn
1520 744 1550 801 in
1577 741 1665 801 titulo

339 863 440 920 Attico
461 857 541 934 apud
562 856 707 915 Rossinm
728 869 794 912 essa
816 851 989 920 statuimus,
1015 849 1100 906 nulla
1121 865 1212 906 causa
1233 855 1294 918 est,
1320 864 1374 904 cur
1395 862 1462 905 oum
1483 841 1665 903 Neubanero

339 960 514 1039 psephisma
534 955 608 1015 illud
630 955 669 1013 ad
690 952 823 1012 Neronis
844 959 980 1027 tempora
1000 949 1172 1008 referamne.

422 1057 482 1120 Sed
497 1067 597 1116 tamen
611 1055 696 1115 odius
711 1053 855 1130 temporis
870 1051 919 1122 sit,
939 1049 1062 1109 dubium
1076 1057 1133 1108 est.
1165 1043 1236 1120 Qua
1249 1047 1281 1106 in
1295 1065 1327 1106 re
1342 1045 1534 1106 diiudicanda
1546 1045 1667 1106 Keiliua

340 1161 500 1238 plurimum
522 1157 626 1217 tribuit
646 1155 770 1214 vocibus
791 1143 1017 1216 rettuderunt
1031 1139 1174 1230 Kulsupor
1195 1166 1271 1224 quae
1292 1147 1324 1205 in
1344 1147 1442 1223 primo
1456 1165 1545 1206 versu
1561 1146 1667 1224 legna-

340 1271 398 1334 tnr,
420 1269 511 1336 atque
525 1257 643 1318 silicara
657 1262 782 1314 conatus
796 1261 853 1325 est,
869 1271 905 1311 ea
918 1269 979 1311 non
993 1249 1032 1308 ad
1047 1247 1206 1309 Claudium
1221 1248 1325 1306 referri
1340 1265 1432 1324 posse
1447 1246 1532 1323 (nam
1547 1255 1669 1325 propter

340 1376 470 1440 sequens
487 1362 506 1415 Ι(
522 1360 549 1417 is
564 1375 640 1416 nnus
654 1363 711 1428 est,
732 1356 769 1415 de
785 1373 845 1430 quo
860 1351 985 1430 cogitari
1000 1349 1122 1427 possit),
1141 1347 1194 1408 sed
1209 1347 1248 1407 ad
1262 1367 1354 1408 unam
1368 1349 1547 1424 Augustum.
1581 1346 1668 1422 Quae

340 1461 481 1538 exempla
501 1458 610 1528 attulit,
632 1474 671 1515 ex
693 1455 737 1514 eis
758 1455 874 1512 nullum
896 1446 909 1509 ὁ
931 1442 1087 1515 Σεβαστὸς
1109 1451 1219 1532 Καῖσαρ
1240 1449 1344 1516 habet;
1369 1449 1491 1507 omnino
1512 1449 1550 1507 ab
1571 1448 1667 1507 omni·

340 1565 397 1622 bus
419 1559 561 1618 articulus
583 1558 669 1616 abest
689 1565 809 1632 praeter
830 1551 864 1613 O.
880 1553 905 1611 1.
923 1550 1004 1610 3569
1026 1547 1040 1607 o‘
1062 1541 1220 1614 Σεβαστός
1240 1543 1314 1610 Seio
1329 1551 1453 1632 Kaio-op,
1474 1549 1524 1608 nbi
1544 1561 1668 1627 propter

341 1661 562 1722 substantivum
582 1651 656 1717 &edo
682 1673 748 1715 earn
776 1653 909 1712 additum
936 1651 1057 1710 dixeris.
1100 1648 1147 1709 Ne
1173 1666 1230 1726 ego
1255 1649 1377 1724 quidem
1398 1650 1430 1708 in
1451 1650 1547 1709 titulis
1566 1649 1667 1709 inveni

340 1763 400 1821 nisi
427 1778 520 1819 unnm
541 1757 712 1834 exemplam
734 1753 769 1815 O.
784 1754 810 1812 1.
831 1750 934 1812 39520
955 1741 1098 1832 Καίσαρος
1118 1749 1170 1808 τοῦ
1192 1740 1368 1818 Σεβαστοῦ,
1395 1751 1477 1826 qnod
1497 1759 1598 1810 nmen
1619 1769 1668 1809 or·

341 1864 410 1921 dine
431 1859 588 1919 verboram
610 1857 718 1916 differt,
754 1853 838 1913 Inter
859 1853 1020 1930 scriptores
1038 1869 1110 1910 vero
1126 1847 1234 1910 Strabo
1257 1869 1317 1909 non
1339 1850 1429 1910 modo
1444 1852 1554 1934 Καῖσαρ
1576 1845 1590 1908 ὅ
1611 1849 1667 1910 Σε-

339 1953 456 2028 βαπός
476 1959 566 2018 habet
587 1957 630 2034 (p.
647 1956 707 2015 840
730 1953 831 2030 Cas),
854 1953 908 2012 sed
929 1953 1035 2024 edam,
1057 1957 1091 2009 nt
1111 1952 1142 2008 in
1164 1937 1268 2009 nostro
1290 1949 1376 2008 titulo
1397 1957 1454 2022 ost,
1475 1945 1489 2007 ὃ
1511 1942 1667 2016 {aliunde

340 2062 452 2142 Kairoep
474 2059 519 2136 (p.
534 2058 610 2134 287)
631 2063 661 2115 et
681 2057 723 2132 τῷ
742 2045 892 2129 Σεβαστῷ
913 2043 1032 2134 Καίσαρι
1055 2050 1099 2127 (p.
1114 2050 1200 2127 288).
1236 2049 1382 2111 cumbis
1403 2051 1551 2127 exemplis
1572 2049 1668 2111 Keilii

341 2160 510 2221 observatio
537 2158 574 2217 de
596 2157 727 2235 Augusti
753 2154 872 2212 nomine
900 2153 990 2212 etiam
1015 2151 1215 2223 confirmetur,
1242 2152 1287 2209 eis
1308 2169 1385 2228 quse
1407 2151 1444 2210 do
1465 2149 1594 2211 Claudio
1614 2171 1668 2211 ex-

340 2261 435 2338 ponit,
456 2279 524 2318 eum
546 2278 608 2318 non
627 2256 717 2315 modo
737 2255 827 2333 pleno
849 2254 969 2312 nomine
990 2242 1121 2335 Τιβέριος
1142 2243 1284 2313 Κλαύδιος
1303 2254 1416 2334 Koirap
1430 2242 1587 2317 Σεβαπδς
1600 2257 1667 2335 Γερ-

341 2351 456 2430 μανικόσ
482 2357 654 2434 significari,
677 2354 730 2415 aad
752 2355 842 2414 etiam
863 2354 1002 2412 breviora
1020 2354 1075 2409 Κλ.
1097 2356 1184 2410 Kane.
1205 2356 1299 2434 rapu„
1320 2355 1374 2410 Κλ.
1396 2353 1481 2410 Kato.
1503 2343 1590 2419 Σεβ..
1611 2357 1667 2411 Κλ.

340 2463 429 2519 Kese.
450 2450 527 2523 Σεβ.
547 2462 630 2540 repa.
656 2456 800 2526 inveniri,
826 2470 974 2529 nusquam
1001 2449 1015 2509 ὅ
1036 2443 1195 2517 §alinardo
1216 2454 1327 2535 Kairap
1348 2442 1507 2519 Κλαύδιος,
1531 2471 1592 2510 non
1613 2453 1667 2512 ha·

340 2562 398 2620 beo
423 2558 505 2635 quod
532 2556 650 2617 addam.
694 2553 795 2630 Quare
820 2571 856 2612 eo
877 2552 1004 2625 inclino,
1032 2562 1066 2612 ut
1085 2551 1180 2612 Keilii
1202 2553 1380 2612 sententiam
1401 2561 1480 2612 recte
1501 2570 1535 2612 ae
1556 2553 1668 2612 habere

340 2661 478 2720 iudicem.
521 2655 580 2718 Sed
608 2675 717 2736 negare
743 2674 804 2716 non
828 2670 969 2732 possum,
997 2671 1100 2711 verum
1128 2669 1196 2712 esse
1222 2653 1254 2711 id
1281 2654 1361 2730 qaod
1383 2653 1441 2714 Th.
1463 2654 1668 2713 Mommsenas

341 2760 414 2820 mihi
434 2759 557 2830 obiecit,
581 2757 696 2817 seilicet
715 2774 754 2815 ax
774 2755 842 2832 ipso
863 2753 990 2814 artiomo
1013 2753 1114 2813 addito
1136 2771 1296 2830 apparere,
1318 2754 1428 2814 iustam
1450 2771 1486 2813 ao
1506 2755 1668 2832 legitimam

341 2859 471 2921 nominis
495 2858 643 2917 rationem
669 2857 834 2933 neglectam
861 2872 943 2926 esso3
968 2871 1061 2930 quare
1089 2853 1164 2914 nihil
1190 2854 1311 2913 obstare
1331 2855 1491 2931 quominus
1512 2873 1548 2914 aa
1568 2855 1668 2932 negle-

341 2961 443 3040 gentia
463 2959 552 3017 etiem
574 2959 604 3016 in
627 2955 754 3017 Claudio
775 2956 875 3015 locum
896 2955 1035 3014 hahuerit
1056 2955 1099 3014 ita
1120 2963 1154 3013 nt
1174 2955 1201 3013 is
1223 2949 1238 3011 ὅ
1260 2945 1416 3018 {alicnde
1437 2956 1548 3038 Καῖσαρ
1569 2946 1668 3013 Κλαύ-

342 3055 401 3121 διος
421 3059 578 3118 diceretur.
621 3057 737 3116 Tamen
758 3058 931 3132 Angustum
955 3055 1053 3113 itare
1074 3073 1146 3114 vera
1167 3062 1305 3114 vocatum
1328 3073 1388 3114 sess
1408 3056 1554 3132 exemplis
1576 3073 1670 3132 snpra

342 3159 443 3218 allatis
463 3158 615 3234 probatur,
642 3176 710 3217 cam
732 3156 769 3215 de
790 3154 921 3215 claudio
941 3154 973 3214 id
994 3155 1092 3213 solnm
1115 3154 1213 3214 dicere
1234 3155 1338 3226 liceat,
1359 3155 1428 3230 fieri
1443 3173 1543 3231 possa,
1572 3166 1606 3216 ut
1626 3159 1669 3216 ita

342 3266 467 3320 vocatus
489 3257 538 3316 sit.

423 3358 518 3418 Aliud
539 3357 683 3434 temporis
703 3357 845 3418 indicium
866 3356 944 3416 inest
964 3355 996 3414 in
1016 3355 1169 3414 vocabulis
1193 3354 1254 3415 at
1275 3344 1323 3412 nai
1344 3344 1417 3438 inpia
1430 3346 1572 3438 Apris-qo
1594 3346 1669 3414 duri·

341 3457 455 3538 rru]²).
491 3457 582 3533 Quod
602 3458 799 3517 sacerdotium
820 3458 852 3516 in
873 3455 1074 3534 compluribus
1089 3454 1183 3515 titulis
1199 3456 1310 3516 Atticis
1325 3467 1583 3517 commemoratur.
1619 3457 1669 3516 Ex

341 3561 394 3632 iis,
421 3577 500 3635 quae
526 3557 563 3616 de
588 3575 625 3616 eo
654 3558 851 3634 scripserunt,
878 3557 1029 3634 plerique,
1056 3556 1229 3616 Boeokhius
1252 3555 1414 3617 0.1.181.
1442 3557 1536 3616 Maior
1562 3575 1668 3618 comm.

218 3673 232 3684 ·
340 3661 435 3738 epigr.
456 3676 487 3734 p.
504 3657 542 3718 88
564 3655 670 3733 (index
690 3657 868 3716 archontum
889 3674 914 3716 s.
936 3677 965 3718 v.
987 3647 1201 3740 Μιθριδάτης),
1223 3665 1341 3716 etcum
1363 3657 1466 3733 aliqna
1485 3657 1669 3718 dubitatione

340 3758 525 3834 Hertzberg,
552 3755 662 3817 Gesch.
692 3756 861 3817 Griechsnl.
888 3777 918 3816 u.
945 3757 974 3816 d.
994 3757 1134 3817 *Rdmern
1156 3757 1187 3814 11
1212 3776 1242 3834 p.
1261 3757 1334 3829 161,
1362 3757 1498 3817 Drusum
1523 3762 1668 3830 iuniorem,

342 3857 456 3916 Tiberii
471 3854 612 3916 (lassaris
633 3857 728 3916 filium
750 3857 911 3933 significari
932 3865 1048 3933 putant.
1085 3855 1146 3918 Sed
1168 3875 1303 3917 nonnus
1325 3857 1445 3934 quidem
1462 3877 1502 3918 ex
1516 3860 1560 3918 eis
1575 3859 1667 3918 ullum

341 3959 431 4016 huius
458 3957 623 4016 sententiae
649 3966 854 4034 argumentum
880 3958 989 4016 attulit.
1033 3957 1152 4020 Keilius
1174 3958 1194 4017 l.
1214 3958 1236 4016 l.
1258 3977 1288 4034 p.
1305 3958 1344 4019 66
1365 3978 1428 4018 rem
1449 3961 1481 4018 in
1501 3959 1600 4019 medio
1622 3979 1668 4019 re-

342 4055 460 4132 linquit,
481 4055 535 4113 sed
556 4056 600 4114 ita
620 4065 653 4116 ut
674 4058 711 4116 de
724 4057 829 4116 Drnso
850 4059 963 4117 maiore
984 4059 1116 4136 cogitare
1137 4060 1231 4119 malit
1269 4057 1328 4120 Sed
1349 4077 1408 4118 noa
1425 4069 1485 4119 tarn
1501 4059 1670 4120 dubitanter

341 4156 460 4215 locatus
485 4164 580 4228 esset,
607 4155 664 4215 nisi
689 4157 800 4216 oblitus
821 4166 915 4232 esset,
943 4176 1010 4218 cnm
1034 4178 1071 4217 ea
1091 4149 1254 4232 sententia,
1280 4177 1370 4236 qnam
1391 4161 1458 4237 ipse
1478 4161 1515 4219 de
1536 4170 1670 4239 tempore

342 4256 454 4315 decreti
475 4255 557 4314 illius
576 4256 668 4316 Attici
690 4261 857 4337 proposuit,
879 4259 1000 4318 omnino
1021 4260 1173 4320 conciliari
1195 4278 1254 4319 non
1276 4275 1367 4337 posse
1388 4279 1492 4320 eorum
1513 4263 1668 4335 rationem,

419 4544 443 4608 ¹)
470 4545 557 4597 Possit
572 4561 635 4598 sune
654 4549 746 4614 aliquis
765 4542 808 4600 hio
824 4535 920 4618 apciton
938 4549 972 4599 sd
985 4537 1028 4598 aad
1041 4543 1100 4610 βίον
1112 4549 1215 4611 referre,
1236 4551 1272 4600 ita
1284 4558 1313 4602 ut
1325 4550 1491 4615 simiorum,
1511 4551 1555 4616 qni
1568 4553 1666 4616 primns

343 4643 501 4701 perpetua
512 4638 680 4702 agonothetis
691 4639 794 4690 functus
806 4641 848 4691 sit.
871 4641 948 4702 Quod
961 4655 992 4690 eo
1005 4643 1087 4706 mama
1099 4641 1207 4705 placeat,
1221 4640 1291 4706 qnod
1303 4642 1488 4706 imperatorum
1498 4643 1668 4693 mareotim

343 4727 396 4776 alia
414 4743 520 4778 munera
538 4730 564 4778 in
584 4730 729 4780 civitatibus
742 4729 850 4781 Graecit
868 4744 901 4780 ex
920 4731 1012 4780 annuis
1031 4740 1155 4797 perpetua
1172 4733 1241 4782 facta
1260 4746 1316 4783 essa
1334 4739 1443 4794 constat,
1463 4733 1542 4794 veluti
1558 4733 1670 4784 Athenis

343 4832 435 4868 munus
453 4818 619 4884 paedotribae
637 4819 795 4884 epheborum
808 4821 916 4870 Traiani
935 4828 980 4871 unt
991 4823 1118 4873 Hadriani
1137 4831 1229 4885 aaran,
1247 4823 1346 4874 scribae
1364 4823 1442 4888 paulo
1461 4830 1520 4887 post
1538 4823 1582 4886 (cl.
1600 4839 1670 4874 eom·

343 4909 527 4958 mentationem
551 4923 634 4960 meam
658 4910 691 4960 de
712 4909 818 4974 ephebis
836 4910 932 4960 Atticis
950 4927 975 4975 p.
990 4911 1044 4973 3⁸).
1082 4913 1134 4966 Sed
1153 4921 1207 4964 tam
1226 4913 1363 4965 dicendum
1382 4921 1438 4965 erat
1455 4914 1559 4965 inverso
1578 4915 1670 4965 ordIne

345 4983 387 5043 duri
406 4989 465 5058 βὶου
482 4987 585 5066 κρότου,
605 5000 676 5066 quod
693 5001 722 5050 in
741 5000 815 5051 titulo
834 5001 947 5065 quodam
965 5003 1049 5066 legere
1068 5019 1108 5055 ms
1127 5005 1241 5056 memini.

421 5085 446 5148 ²)
473 5087 517 5141 Sic
541 5091 609 5141 enim
633 5091 804 5158 supplendam
823 5105 878 5142 esse
897 5101 1004 5157 apparet
1022 5108 1055 5145 ex
1074 5097 1165 5147 ceteris
1183 5096 1277 5159 titulis,
1301 5095 1329 5147 in
1348 5096 1440 5162 quibus
1459 5095 1514 5147 sins
1532 5094 1670 5148 sacordotii

344 5177 441 5228 mentio
460 5179 500 5240 tq
520 5195 628 5243 qnorum
647 5183 731 5233 nullus
749 5199 812 5235 voce
829 5171 921 5233 inritos
940 5191 1018 5235 caret.
