<?xml version="1.0" encoding="UTF-8"?>
<!DOCTYPE html PUBLIC "-//W3C//DTD XHTML 1.0 Transitional//EN"
    "http://www.w3.org/TR/xhtml1/DTD/xhtml1-transitional.dtd">
<html xmlns="http://www.w3.org/1999/xhtml" xml:lang="en" lang="en">
 <head>
  <title>
</title>
<meta http-equiv="Content-Type" content="text/html;charset=utf-8" />
  <meta name='ocr-system' content='tesseract 3.04.00' />
  <meta name='ocr-capabilities' content='ocr_page ocr_carea ocr_par ocr_line ocrx_word'/>
</head>
<body>
  <div class='ocr_page' id='page_1' title='image "./ephemerisepigra04instgoog_0143.png"; bbox 0 0 3742 5826; ppageno 0'>
   <div class='ocr_carea' id='block_1_1' title="bbox 348 520 1097 591">
    <p class='ocr_par' dir='ltr' id='par_1_1' title="bbox 348 520 1097 591">
     <span class='ocr_line' id='line_1_1' title="bbox 348 520 1097 591; baseline -0.015 0"><span class='ocrx_word' id='word_1_1' title='bbox 348 520 419 591; x_wconf 88' lang='lat'><strong>138</strong></span> <span class='ocrx_word' id='word_1_2' title='bbox 915 527 1097 581; x_wconf 77' lang='grc'><strong>00101000</strong></span> 
     </span>
    </p>
   </div>
   <div class='ocr_carea' id='block_1_2' title="bbox 343 695 1671 2602">
    <p class='ocr_par' dir='ltr' id='par_1_2' title="bbox 343 695 1671 2602">
     <span class='ocr_line' id='line_1_2' title="bbox 344 695 1669 785; baseline -0.011 -16"><span class='ocrx_word' id='word_1_3' title='bbox 344 707 551 785; x_wconf 74' lang='lat' dir='ltr'><strong>confugiamus</strong></span> <span class='ocrx_word' id='word_1_4' title='bbox 572 703 631 763; x_wconf 91' lang='lat' dir='ltr'><strong>nisi</strong></span> <span class='ocrx_word' id='word_1_5' title='bbox 652 703 690 761; x_wconf 90' lang='lat' dir='ltr'><strong>ad</strong></span> <span class='ocrx_word' id='word_1_6' title='bbox 711 701 935 760; x_wconf 83' lang='lat' dir='ltr'><strong>excusationem</strong></span> <span class='ocrx_word' id='word_1_7' title='bbox 957 697 1157 758; x_wconf 87' lang='lat' dir='ltr'><strong>necessariam</strong></span> <span class='ocrx_word' id='word_1_8' title='bbox 1179 695 1275 774; x_wconf 89' lang='lat' dir='ltr'><strong>magis</strong></span> <span class='ocrx_word' id='word_1_9' title='bbox 1294 713 1384 772; x_wconf 92' lang='lat' dir='ltr'><strong>quam</strong></span> <span class='ocrx_word' id='word_1_10' title='bbox 1398 696 1561 772; x_wconf 89' lang='lat' dir='ltr'><strong>optabilem</strong></span> <span class='ocrx_word' id='word_1_11' title='bbox 1575 696 1669 772; x_wconf 89' lang='lat' dir='ltr'><strong>scrip·</strong></span> 
     </span>
     <span class='ocr_line' id='line_1_3' title="bbox 344 797 1669 877; baseline -0.01 -7"><span class='ocrx_word' id='word_1_12' title='bbox 344 819 438 870; x_wconf 84' lang='lat' dir='ltr'><strong>torem</strong></span> <span class='ocrx_word' id='word_1_13' title='bbox 461 808 539 866; x_wconf 87' lang='lat' dir='ltr'><strong>tituli</strong></span> <span class='ocrx_word' id='word_1_14' title='bbox 553 804 704 866; x_wconf 76' lang='lat' dir='ltr'><strong>casinatis</strong></span> <span class='ocrx_word' id='word_1_15' title='bbox 726 820 813 861; x_wconf 91' lang='lat' dir='ltr'><strong>usum</strong></span> <span class='ocrx_word' id='word_1_16' title='bbox 827 800 980 877; x_wconf 87' lang='lat' dir='ltr'><strong>vulgarem</strong></span> <span class='ocrx_word' id='word_1_17' title='bbox 1000 807 1134 862; x_wconf 83' lang='lat' dir='ltr'><strong>secutum</strong></span> <span class='ocrx_word' id='word_1_18' title='bbox 1154 797 1323 874; x_wconf 88' lang='lat' dir='ltr'><strong>delegatum</strong></span> <span class='ocrx_word' id='word_1_19' title='bbox 1344 797 1512 876; x_wconf 85' lang='lat' dir='ltr'>principum</span> <span class='ocrx_word' id='word_1_20' title='bbox 1530 799 1669 875; x_wconf 78' lang='lat' dir='ltr'>posuisse</span> 
     </span>
     <span class='ocr_line' id='line_1_4' title="bbox 344 897 1669 986; baseline -0.011 -16"><span class='ocrx_word' id='word_1_21' title='bbox 344 911 482 972; x_wconf 88' lang='lat' dir='ltr'><strong>absolute</strong></span> <span class='ocrx_word' id='word_1_22' title='bbox 503 926 557 986; x_wconf 93' lang='lat' dir='ltr'><strong>pro</strong></span> <span class='ocrx_word' id='word_1_23' title='bbox 578 904 838 983; x_wconf 77' lang='lat' dir='ltr'><strong>principali1).-</strong></span> <span class='ocrx_word' id='word_1_24' title='bbox 860 901 908 960; x_wconf 88' lang='lat' dir='ltr'><strong>De</strong></span> <span class='ocrx_word' id='word_1_25' title='bbox 929 903 998 978; x_wconf 88' lang='lat' dir='ltr'><strong>ipso</strong></span> <span class='ocrx_word' id='word_1_26' title='bbox 1018 899 1119 959; x_wconf 84' lang='lat' dir='ltr'><strong>officio</strong></span> <span class='ocrx_word' id='word_1_27' title='bbox 1140 919 1207 960; x_wconf 83' lang='lat' dir='ltr'><strong>cunr</strong></span> <span class='ocrx_word' id='word_1_28' title='bbox 1229 898 1356 959; x_wconf 85' lang='lat' dir='ltr'><strong>dixerim</strong></span> <span class='ocrx_word' id='word_1_29' title='bbox 1378 897 1410 956; x_wconf 89' lang='lat' dir='ltr'><strong>in</strong></span> <span class='ocrx_word' id='word_1_30' title='bbox 1431 899 1583 958; x_wconf 89' lang='lat' dir='ltr'><strong>memoriis</strong></span> <span class='ocrx_word' id='word_1_31' title='bbox 1597 900 1669 958; x_wconf 92' lang='lat' dir='ltr'><strong>inst.</strong></span> 
     </span>
     <span class='ocr_line' id='line_1_5' title="bbox 344 997 1669 1084; baseline -0.009 -12"><span class='ocrx_word' id='word_1_32' title='bbox 344 1014 424 1072; x_wconf 90' lang='lat' dir='ltr'><strong>arch.</strong></span> <span class='ocrx_word' id='word_1_33' title='bbox 444 1009 472 1084; x_wconf 89' lang='grc'><strong>2,</strong></span> <span class='ocrx_word' id='word_1_34' title='bbox 489 1009 564 1081; x_wconf 87' lang='grc'>313,</span> <span class='ocrx_word' id='word_1_35' title='bbox 585 1024 683 1084; x_wconf 87' lang='lat' dir='ltr'><strong>pauca</strong></span> <span class='ocrx_word' id='word_1_36' title='bbox 704 1004 799 1064; x_wconf 87' lang='lat' dir='ltr'><strong>babeo</strong></span> <span class='ocrx_word' id='word_1_37' title='bbox 821 1021 898 1079; x_wconf 92' lang='lat' dir='ltr'><strong>quae</strong></span> <span class='ocrx_word' id='word_1_38' title='bbox 920 1001 1038 1060; x_wconf 81' lang='lat' dir='ltr'><strong>addam.</strong></span> <span class='ocrx_word' id='word_1_39' title='bbox 1080 1000 1116 1058; x_wconf 95' lang='lat' dir='ltr'><strong>In</strong></span> <span class='ocrx_word' id='word_1_40' title='bbox 1137 1000 1232 1060; x_wconf 92' lang='lat' dir='ltr'><strong>titulis</strong></span> <span class='ocrx_word' id='word_1_41' title='bbox 1255 997 1447 1059; x_wconf 90' lang='lat' dir='ltr'><strong>Diocletiano</strong></span> <span class='ocrx_word' id='word_1_42' title='bbox 1469 1000 1669 1060; x_wconf 75' lang='lat' dir='ltr'><strong>anterioribus</strong></span> 
     </span>
     <span class='ocr_line' id='line_1_6' title="bbox 343 1100 1669 1189; baseline -0.008 -17"><span class='ocrx_word' id='word_1_43' title='bbox 343 1122 497 1189; x_wconf 84' lang='lat' dir='ltr'><strong>praeterea</strong></span> <span class='ocrx_word' id='word_1_44' title='bbox 516 1109 613 1168; x_wconf 90' lang='lat' dir='ltr'><strong>adhuc</strong></span> <span class='ocrx_word' id='word_1_45' title='bbox 634 1105 713 1183; x_wconf 89' lang='lat' dir='ltr'><strong>quod</strong></span> <span class='ocrx_word' id='word_1_46' title='bbox 727 1105 820 1166; x_wconf 92' lang='lat' dir='ltr'><strong>sciam</strong></span> <span class='ocrx_word' id='word_1_47' title='bbox 837 1105 885 1163; x_wconf 92' lang='lat' dir='ltr'><strong>bis</strong></span> <span class='ocrx_word' id='word_1_48' title='bbox 900 1111 1013 1162; x_wconf 91' lang='lat' dir='ltr'><strong>tantum</strong></span> <span class='ocrx_word' id='word_1_49' title='bbox 1028 1108 1178 1179; x_wconf 89' lang='lat' dir='ltr'><strong>repertum</strong></span> <span class='ocrx_word' id='word_1_50' title='bbox 1192 1109 1249 1173; x_wconf 85' lang='lat' dir='ltr'><strong>est,</strong></span> <span class='ocrx_word' id='word_1_51' title='bbox 1269 1120 1376 1179; x_wconf 90' lang='lat' dir='ltr'><strong>nempe</strong></span> <span class='ocrx_word' id='word_1_52' title='bbox 1390 1101 1422 1160; x_wconf 91' lang='lat' dir='ltr'><strong>in</strong></span> <span class='ocrx_word' id='word_1_53' title='bbox 1436 1101 1525 1161; x_wconf 88' lang='lat' dir='ltr'><strong>titulo</strong></span> <span class='ocrx_word' id='word_1_54' title='bbox 1540 1100 1576 1160; x_wconf 71' lang='lat'><strong>1..</strong></span> <span class='ocrx_word' id='word_1_55' title='bbox 1591 1100 1669 1162; x_wconf 83' lang='lat' dir='ltr'><strong>Cae·</strong></span> 
     </span>
     <span class='ocr_line' id='line_1_7' title="bbox 344 1200 1671 1282; baseline -0.008 -9"><span class='ocrx_word' id='word_1_56' title='bbox 344 1214 424 1273; x_wconf 91' lang='lat' dir='ltr'><strong>sonii</strong></span> <span class='ocrx_word' id='word_1_57' title='bbox 439 1211 533 1271; x_wconf 85' lang='lat' dir='ltr'><strong>Macri</strong></span> <span class='ocrx_word' id='word_1_58' title='bbox 547 1207 700 1268; x_wconf 82' lang='lat' dir='ltr'><strong>Radriani</strong></span> <span class='ocrx_word' id='word_1_59' title='bbox 719 1205 830 1282; x_wconf 89' lang='lat' dir='ltr'><strong>(Orell.</strong></span> <span class='ocrx_word' id='word_1_60' title='bbox 847 1203 952 1280; x_wconf 97' lang='grc'><strong>3042),</strong></span> <span class='ocrx_word' id='word_1_61' title='bbox 971 1203 1023 1281; x_wconf 91' lang='lat' dir='ltr'><strong>qui</strong></span> <span class='ocrx_word' id='word_1_62' title='bbox 1037 1203 1202 1280; x_wconf 84' lang='lat' dir='ltr'><strong>imperante</strong></span> <span class='ocrx_word' id='word_1_63' title='bbox 1218 1200 1375 1263; x_wconf 81' lang='lat' dir='ltr'><strong>Gordiano</strong></span> <span class='ocrx_word' id='word_1_64' title='bbox 1387 1202 1436 1261; x_wconf 96' lang='lat' dir='ltr'><strong>III</strong></span> <span class='ocrx_word' id='word_1_65' title='bbox 1451 1203 1554 1263; x_wconf 84' lang='lat' dir='ltr'><strong>electas</strong></span> <span class='ocrx_word' id='word_1_66' title='bbox 1569 1212 1616 1262; x_wconf 89' lang='lat' dir='ltr'><strong>est</strong></span> <span class='ocrx_word' id='word_1_67' title='bbox 1628 1205 1671 1262; x_wconf 85' lang='lat' dir='ltr'><strong>ad</strong></span> 
     </span>
     <span class='ocr_line' id='line_1_8' title="bbox 344 1303 1668 1391; baseline -0.009 -17"><span class='ocrx_word' id='word_1_68' title='bbox 344 1314 549 1391; x_wconf 77' lang='lat' dir='ltr'><strong>capraecendas</strong></span> <span class='ocrx_word' id='word_1_69' title='bbox 560 1314 620 1370; x_wconf 85' lang='lat' dir='ltr'><strong>vice</strong></span> <span class='ocrx_word' id='word_1_70' title='bbox 630 1309 765 1368; x_wconf 86' lang='lat' dir='ltr'><strong>Caesaris</strong></span> <span class='ocrx_word' id='word_1_71' title='bbox 775 1309 957 1383; x_wconf 64' lang='lat' dir='ltr'><strong>contritiones,</strong></span> <span class='ocrx_word' id='word_1_72' title='bbox 969 1305 1145 1381; x_wconf 89' lang='lat' dir='ltr'><strong>duobusque</strong></span> <span class='ocrx_word' id='word_1_73' title='bbox 1155 1303 1276 1363; x_wconf 85' lang='lat' dir='ltr'><strong>Balbini</strong></span> <span class='ocrx_word' id='word_1_74' title='bbox 1286 1303 1413 1362; x_wconf 85' lang='lat' dir='ltr'><strong>Maximi</strong></span> <span class='ocrx_word' id='word_1_75' title='bbox 1424 1303 1559 1364; x_wconf 87' lang='lat' dir='ltr'><strong>consulis</strong></span> <span class='ocrx_word' id='word_1_76' title='bbox 1571 1324 1598 1362; x_wconf 91' lang='lat' dir='ltr'><strong>a.</strong></span> <span class='ocrx_word' id='word_1_77' title='bbox 1608 1303 1668 1364; x_wconf 92' lang='grc'><strong>232</strong></span> 
     </span>
     <span class='ocr_line' id='line_1_9' title="bbox 345 1405 1670 1486; baseline -0.006 -12"><span class='ocrx_word' id='word_1_78' title='bbox 345 1423 398 1474; x_wconf 85' lang='grc'><strong>001</strong></span> <span class='ocrx_word' id='word_1_79' title='bbox 413 1413 471 1472; x_wconf 87' lang='grc'><strong>233</strong></span> <span class='ocrx_word' id='word_1_80' title='bbox 486 1411 613 1472; x_wconf 84' lang='grc'><strong>001253</strong></span> <span class='ocrx_word' id='word_1_81' title='bbox 634 1408 678 1484; x_wconf 84' lang='lat' dir='ltr'><strong>(v.</strong></span> <span class='ocrx_word' id='word_1_82' title='bbox 701 1427 731 1486; x_wconf 88' lang='lat' dir='ltr'><strong>p.</strong></span> <span class='ocrx_word' id='word_1_83' title='bbox 747 1406 830 1483; x_wconf 88' lang='grc'><strong>132),</strong></span> <span class='ocrx_word' id='word_1_84' title='bbox 852 1407 903 1483; x_wconf 90' lang='lat' dir='ltr'><strong>qui</strong></span> <span class='ocrx_word' id='word_1_85' title='bbox 923 1406 1030 1467; x_wconf 91' lang='lat' dir='ltr'><strong>dicitur</strong></span> <span class='ocrx_word' id='word_1_86' title='bbox 1043 1423 1212 1482; x_wconf 81' lang='lat' dir='ltr'><strong>copaoscene</strong></span> <span class='ocrx_word' id='word_1_87' title='bbox 1227 1406 1268 1464; x_wconf 87' lang='lat' dir='ltr'><strong>ad</strong></span> <span class='ocrx_word' id='word_1_88' title='bbox 1282 1422 1383 1465; x_wconf 71' lang='lat' dir='ltr'><strong>ramas</strong></span> <span class='ocrx_word' id='word_1_89' title='bbox 1398 1405 1616 1481; x_wconf 71' lang='lat' dir='ltr'><strong>appellationes,</strong></span> <span class='ocrx_word' id='word_1_90' title='bbox 1635 1415 1670 1466; x_wconf 91' lang='lat' dir='ltr'><strong>ut</strong></span> 
     </span>
     <span class='ocr_line' id='line_1_10' title="bbox 346 1505 1670 1591; baseline -0.007 -17"><span class='ocrx_word' id='word_1_91' title='bbox 346 1516 394 1574; x_wconf 92' lang='lat' dir='ltr'><strong>hic</strong></span> <span class='ocrx_word' id='word_1_92' title='bbox 414 1532 542 1591; x_wconf 89' lang='lat' dir='ltr'><strong>quoque,</strong></span> <span class='ocrx_word' id='word_1_93' title='bbox 564 1513 676 1590; x_wconf 88' lang='lat' dir='ltr'><strong>pariter</strong></span> <span class='ocrx_word' id='word_1_94' title='bbox 690 1517 779 1586; x_wconf 90' lang='lat' dir='ltr'><strong>atque</strong></span> <span class='ocrx_word' id='word_1_95' title='bbox 793 1509 824 1566; x_wconf 92' lang='lat' dir='ltr'><strong>in</strong></span> <span class='ocrx_word' id='word_1_96' title='bbox 839 1507 997 1566; x_wconf 87' lang='lat' dir='ltr'><strong>consulatu</strong></span> <span class='ocrx_word' id='word_1_97' title='bbox 1012 1507 1174 1578; x_wconf 90' lang='lat' dir='ltr'><strong>ordinario,</strong></span> <span class='ocrx_word' id='word_1_98' title='bbox 1194 1506 1217 1566; x_wconf 92' lang='lat' dir='ltr'><strong>ii</strong></span> <span class='ocrx_word' id='word_1_99' title='bbox 1231 1505 1268 1565; x_wconf 91' lang='lat' dir='ltr'><strong>dc</strong></span> <span class='ocrx_word' id='word_1_100' title='bbox 1282 1507 1390 1583; x_wconf 88' lang='lat' dir='ltr'><strong>quibua</strong></span> <span class='ocrx_word' id='word_1_101' title='bbox 1404 1507 1520 1583; x_wconf 81' lang='lat' dir='ltr'><strong>agimus</strong></span> <span class='ocrx_word' id='word_1_102' title='bbox 1535 1507 1670 1567; x_wconf 85' lang='lat' dir='ltr'><strong>ordinem</strong></span> 
     </span>
     <span class='ocr_line' id='line_1_11' title="bbox 345 1605 1669 1689; baseline -0.005 -15"><span class='ocrx_word' id='word_1_103' title='bbox 345 1616 456 1676; x_wconf 89' lang='lat' dir='ltr'><strong>ducant</strong></span> <span class='ocrx_word' id='word_1_104' title='bbox 469 1625 499 1674; x_wconf 89' lang='lat' dir='ltr'><strong>et</strong></span> <span class='ocrx_word' id='word_1_105' title='bbox 511 1614 643 1689; x_wconf 87' lang='lat' dir='ltr'><strong>reliquos</strong></span> <span class='ocrx_word' id='word_1_106' title='bbox 657 1619 790 1687; x_wconf 82' lang='lat' dir='ltr'><strong>tempore</strong></span> <span class='ocrx_word' id='word_1_107' title='bbox 805 1608 992 1686; x_wconf 80' lang='lat' dir='ltr'><strong>praecedant.</strong></span> <span class='ocrx_word' id='word_1_108' title='bbox 1018 1605 1227 1686; x_wconf 76' lang='lat' dir='ltr'><strong>cognitionem</strong></span> <span class='ocrx_word' id='word_1_109' title='bbox 1242 1625 1309 1667; x_wconf 88' lang='lat' dir='ltr'><strong>eam</strong></span> <span class='ocrx_word' id='word_1_110' title='bbox 1322 1607 1366 1667; x_wconf 87' lang='lat' dir='ltr'><strong>ita</strong></span> <span class='ocrx_word' id='word_1_111' title='bbox 1377 1607 1443 1667; x_wconf 88' lang='lat' dir='ltr'><strong>dari</strong></span> <span class='ocrx_word' id='word_1_112' title='bbox 1457 1609 1578 1668; x_wconf 89' lang='lat' dir='ltr'><strong>solitam</strong></span> <span class='ocrx_word' id='word_1_113' title='bbox 1592 1626 1669 1683; x_wconf 88' lang='lat' dir='ltr'><strong>esse,</strong></span> 
     </span>
     <span class='ocr_line' id='line_1_12' title="bbox 345 1707 1669 1788; baseline -0.007 -12"><span class='ocrx_word' id='word_1_114' title='bbox 345 1725 379 1776; x_wconf 91' lang='lat' dir='ltr'><strong>ut</strong></span> <span class='ocrx_word' id='word_1_115' title='bbox 400 1716 439 1775; x_wconf 87' lang='lat' dir='ltr'><strong>ad</strong></span> <span class='ocrx_word' id='word_1_116' title='bbox 460 1723 570 1775; x_wconf 88' lang='lat' dir='ltr'><strong>certam</strong></span> <span class='ocrx_word' id='word_1_117' title='bbox 591 1712 742 1772; x_wconf 79' lang='lat' dir='ltr'><strong>dioecesin</strong></span> <span class='ocrx_word' id='word_1_118' title='bbox 762 1710 1002 1788; x_wconf 80' lang='lat' dir='ltr'><strong>restringeretur,</strong></span> <span class='ocrx_word' id='word_1_119' title='bbox 1023 1709 1080 1768; x_wconf 90' lang='lat' dir='ltr'><strong>etsi</strong></span> <span class='ocrx_word' id='word_1_120' title='bbox 1101 1709 1132 1767; x_wconf 92' lang='lat' dir='ltr'><strong>hi</strong></span> <span class='ocrx_word' id='word_1_121' title='bbox 1146 1726 1223 1784; x_wconf 91' lang='lat' dir='ltr'><strong>quos</strong></span> <span class='ocrx_word' id='word_1_122' title='bbox 1237 1709 1326 1786; x_wconf 90' lang='lat' dir='ltr'><strong>posui</strong></span> <span class='ocrx_word' id='word_1_123' title='bbox 1339 1707 1417 1768; x_wconf 92' lang='lat' dir='ltr'><strong>tituli</strong></span> <span class='ocrx_word' id='word_1_124' title='bbox 1430 1728 1490 1770; x_wconf 91' lang='lat' dir='ltr'><strong>noa</strong></span> <span class='ocrx_word' id='word_1_125' title='bbox 1505 1710 1669 1783; x_wconf 89' lang='lat' dir='ltr'><strong>enuntiant,</strong></span> 
     </span>
     <span class='ocr_line' id='line_1_13' title="bbox 345 1808 1669 1888; baseline -0.007 -11"><span class='ocrx_word' id='word_1_126' title='bbox 345 1826 426 1878; x_wconf 87' lang='lat' dir='ltr'><strong>certe</strong></span> <span class='ocrx_word' id='word_1_127' title='bbox 446 1815 502 1876; x_wconf 91' lang='lat' dir='ltr'><strong>sub</strong></span> <span class='ocrx_word' id='word_1_128' title='bbox 516 1814 704 1874; x_wconf 88' lang='lat' dir='ltr'><strong>Diocletiano</strong></span> <span class='ocrx_word' id='word_1_129' title='bbox 724 1812 875 1870; x_wconf 89' lang='lat' dir='ltr'><strong>invenitur</strong></span> <span class='ocrx_word' id='word_1_130' title='bbox 889 1810 997 1870; x_wconf 83' lang='lat' dir='ltr'><strong>Aelius</strong></span> <span class='ocrx_word' id='word_1_131' title='bbox 1012 1808 1188 1886; x_wconf 86' lang='lat' dir='ltr'><strong>Dionysius,</strong></span> <span class='ocrx_word' id='word_1_132' title='bbox 1210 1809 1237 1870; x_wconf 87' lang='lat' dir='ltr'><strong>is</strong></span> <span class='ocrx_word' id='word_1_133' title='bbox 1257 1809 1310 1887; x_wconf 89' lang='lat' dir='ltr'><strong>qui</strong></span> <span class='ocrx_word' id='word_1_134' title='bbox 1330 1819 1438 1887; x_wconf 86' lang='lat' dir='ltr'><strong>postea</strong></span> <span class='ocrx_word' id='word_1_135' title='bbox 1458 1829 1486 1869; x_wconf 86' lang='lat' dir='ltr'><strong>a.</strong></span> <span class='ocrx_word' id='word_1_136' title='bbox 1502 1809 1560 1868; x_wconf 89' lang='grc'><strong>301</strong></span> <span class='ocrx_word' id='word_1_137' title='bbox 1584 1829 1669 1888; x_wconf 89' lang='lat' dir='ltr'><strong>prae·</strong></span> 
     </span>
     <span class='ocr_line' id='line_1_14' title="bbox 343 1910 1670 1988; baseline -0.006 -10"><span class='ocrx_word' id='word_1_138' title='bbox 343 1920 438 1980; x_wconf 84' lang='lat' dir='ltr'><strong>iectus</strong></span> <span class='ocrx_word' id='word_1_139' title='bbox 461 1917 544 1975; x_wconf 87' lang='lat' dir='ltr'><strong>urbis</strong></span> <span class='ocrx_word' id='word_1_140' title='bbox 566 1915 663 1974; x_wconf 88' lang='lat' dir='ltr'><strong>iactus</strong></span> <span class='ocrx_word' id='word_1_141' title='bbox 685 1921 741 1985; x_wconf 86' lang='lat' dir='ltr'><strong>est,</strong></span> <span class='ocrx_word' id='word_1_142' title='bbox 763 1913 847 1971; x_wconf 77' lang='lat' dir='ltr'><strong>iodea</strong></span> <span class='ocrx_word' id='word_1_143' title='bbox 860 1929 1008 1972; x_wconf 70' lang='lat' dir='ltr'><strong>semanim</strong></span> <span class='ocrx_word' id='word_1_144' title='bbox 1024 1913 1212 1987; x_wconf 83' lang='lat' dir='ltr'><strong>capnitionum</strong></span> <span class='ocrx_word' id='word_1_145' title='bbox 1226 1913 1311 1971; x_wconf 87' lang='lat' dir='ltr'><strong>totius</strong></span> <span class='ocrx_word' id='word_1_146' title='bbox 1330 1910 1454 1972; x_wconf 84' lang='lat' dir='ltr'><strong>Orierttis</strong></span> <span class='ocrx_word' id='word_1_147' title='bbox 1475 1911 1670 1988; x_wconf 73' lang='lat' dir='ltr'><strong>(orento),</strong></span> 
     </span>
     <span class='ocr_line' id='line_1_15' title="bbox 344 2010 1670 2098; baseline -0.005 -20"><span class='ocrx_word' id='word_1_148' title='bbox 344 2019 510 2098; x_wconf 89' lang='lat' dir='ltr'><strong>poteritque</strong></span> <span class='ocrx_word' id='word_1_149' title='bbox 525 2017 601 2074; x_wconf 92' lang='lat' dir='ltr'><strong>adeo</strong></span> <span class='ocrx_word' id='word_1_150' title='bbox 615 2013 836 2091; x_wconf 86' lang='lat' dir='ltr'><strong>quodammodo</strong></span> <span class='ocrx_word' id='word_1_151' title='bbox 850 2011 1017 2089; x_wconf 89' lang='lat' dir='ltr'><strong>comparari</strong></span> <span class='ocrx_word' id='word_1_152' title='bbox 1030 2013 1111 2089; x_wconf 92' lang='lat' dir='ltr'><strong>quod</strong></span> <span class='ocrx_word' id='word_1_153' title='bbox 1126 2011 1168 2070; x_wconf 90' lang='lat' dir='ltr'><strong>ait</strong></span> <span class='ocrx_word' id='word_1_154' title='bbox 1182 2010 1342 2073; x_wconf 84' lang='lat' dir='ltr'><strong>Suetonius</strong></span> <span class='ocrx_word' id='word_1_155' title='bbox 1363 2012 1455 2090; x_wconf 83' lang='lat' dir='ltr'><strong>(Aug.</strong></span> <span class='ocrx_word' id='word_1_156' title='bbox 1472 2013 1527 2091; x_wconf 91' lang='grc'><strong>33)</strong></span> <span class='ocrx_word' id='word_1_157' title='bbox 1548 2013 1670 2091; x_wconf 82' lang='lat' dir='ltr'><strong>Augus·</strong></span> 
     </span>
     <span class='ocr_line' id='line_1_16' title="bbox 345 2112 1669 2196; baseline -0.005 -16"><span class='ocrx_word' id='word_1_158' title='bbox 345 2129 408 2180; x_wconf 86' lang='lat' dir='ltr'><strong>tum</strong></span> <span class='ocrx_word' id='word_1_159' title='bbox 422 2117 583 2196; x_wconf 86' lang='lat' dir='ltr'><strong>quotannis</strong></span> <span class='ocrx_word' id='word_1_160' title='bbox 599 2115 816 2195; x_wconf 84' lang='lat' dir='ltr'><strong>appellationes</strong></span> <span class='ocrx_word' id='word_1_161' title='bbox 830 2112 1060 2191; x_wconf 87' lang='lat' dir='ltr'><strong>provincialium</strong></span> <span class='ocrx_word' id='word_1_162' title='bbox 1072 2113 1255 2190; x_wconf 85' lang='lat' dir='ltr'><strong>litigatorum</strong></span> <span class='ocrx_word' id='word_1_163' title='bbox 1266 2113 1452 2192; x_wconf 82' lang='lat' dir='ltr'><strong>delegavisse</strong></span> <span class='ocrx_word' id='word_1_164' title='bbox 1464 2113 1669 2174; x_wconf 88' lang='lat' dir='ltr'><strong>consularibus</strong></span> 
     </span>
     <span class='ocr_line' id='line_1_17' title="bbox 344 2214 1668 2297; baseline -0.006 -15"><span class='ocrx_word' id='word_1_165' title='bbox 344 2222 427 2295; x_wconf 87' lang='lat' dir='ltr'><strong>viris,</strong></span> <span class='ocrx_word' id='word_1_166' title='bbox 449 2237 520 2297; x_wconf 84' lang='lat' dir='ltr'><strong>quos</strong></span> <span class='ocrx_word' id='word_1_167' title='bbox 541 2219 669 2294; x_wconf 72' lang='lat' dir='ltr'><strong>stapulas</strong></span> <span class='ocrx_word' id='word_1_168' title='bbox 689 2219 824 2291; x_wconf 84' lang='lat' dir='ltr'><strong>cuiusque</strong></span> <span class='ocrx_word' id='word_1_169' title='bbox 840 2218 1009 2292; x_wconf 74' lang='lat' dir='ltr'><strong>prouinciae</strong></span> <span class='ocrx_word' id='word_1_170' title='bbox 1029 2217 1150 2291; x_wconf 78' lang='lat' dir='ltr'><strong>repotiis</strong></span> <span class='ocrx_word' id='word_1_171' title='bbox 1167 2218 1392 2292; x_wconf 83' lang='lat' dir='ltr'><strong>praeposuisset.</strong></span> <span class='ocrx_word' id='word_1_172' title='bbox 1436 2214 1577 2275; x_wconf 82' lang='lat' dir='ltr'><strong>Ge&#39;terum</strong></span> <span class='ocrx_word' id='word_1_173' title='bbox 1599 2233 1668 2293; x_wconf 90' lang='lat' dir='ltr'><strong>cog-</strong></span> 
     </span>
     <span class='ocr_line' id='line_1_18' title="bbox 344 2314 1669 2396; baseline -0.005 -14"><span class='ocrx_word' id='word_1_174' title='bbox 344 2323 473 2382; x_wconf 90' lang='lat' dir='ltr'><strong>nitiones</strong></span> <span class='ocrx_word' id='word_1_175' title='bbox 494 2318 769 2396; x_wconf 83' lang='lat' dir='ltr'><strong>appellationesque</strong></span> <span class='ocrx_word' id='word_1_176' title='bbox 789 2314 991 2376; x_wconf 81' lang='lat' dir='ltr'><strong>Caesarianae</strong></span> <span class='ocrx_word' id='word_1_177' title='bbox 1012 2315 1162 2391; x_wconf 91' lang='lat' dir='ltr'><strong>quomodo</strong></span> <span class='ocrx_word' id='word_1_178' title='bbox 1182 2323 1253 2377; x_wconf 91' lang='lat' dir='ltr'><strong>ante</strong></span> <span class='ocrx_word' id='word_1_179' title='bbox 1273 2315 1496 2376; x_wconf 87' lang='lat' dir='ltr'><strong>Diocletianum</strong></span> <span class='ocrx_word' id='word_1_180' title='bbox 1518 2317 1669 2376; x_wconf 85' lang='lat' dir='ltr'><strong>exercitae</strong></span> 
     </span>
     <span class='ocr_line' id='line_1_19' title="bbox 346 2415 1669 2494; baseline -0.004 -12"><span class='ocrx_word' id='word_1_181' title='bbox 346 2425 419 2494; x_wconf 91' lang='lat' dir='ltr'><strong>sint,</strong></span> <span class='ocrx_word' id='word_1_182' title='bbox 446 2420 544 2480; x_wconf 90' lang='lat' dir='ltr'><strong>adbuc</strong></span> <span class='ocrx_word' id='word_1_183' title='bbox 570 2435 676 2494; x_wconf 90' lang='lat' dir='ltr'><strong>parum</strong></span> <span class='ocrx_word' id='word_1_184' title='bbox 701 2423 805 2475; x_wconf 90' lang='lat' dir='ltr'><strong>notum</strong></span> <span class='ocrx_word' id='word_1_185' title='bbox 826 2423 889 2489; x_wconf 89' lang='lat' dir='ltr'><strong>est,</strong></span> <span class='ocrx_word' id='word_1_186' title='bbox 918 2434 973 2475; x_wconf 90' lang='lat' dir='ltr'><strong>nec</strong></span> <span class='ocrx_word' id='word_1_187' title='bbox 993 2415 1031 2474; x_wconf 88' lang='lat' dir='ltr'><strong>de</strong></span> <span class='ocrx_word' id='word_1_188' title='bbox 1052 2416 1229 2494; x_wconf 88' lang='lat' dir='ltr'><strong>quaestione</strong></span> <span class='ocrx_word' id='word_1_189' title='bbox 1250 2436 1287 2478; x_wconf 89' lang='lat' dir='ltr'><strong>ea</strong></span> <span class='ocrx_word' id='word_1_190' title='bbox 1307 2417 1441 2477; x_wconf 88' lang='lat' dir='ltr'><strong>omnium</strong></span> <span class='ocrx_word' id='word_1_191' title='bbox 1461 2417 1592 2478; x_wconf 82' lang='lat' dir='ltr'><strong>maxime</strong></span> <span class='ocrx_word' id='word_1_192' title='bbox 1612 2418 1669 2477; x_wconf 88' lang='lat' dir='ltr'><strong>im·</strong></span> 
     </span>
     <span class='ocr_line' id='line_1_20' title="bbox 346 2517 1485 2602; baseline -0.015 -20"><span class='ocrx_word' id='word_1_193' title='bbox 346 2523 454 2602; x_wconf 86' lang='lat' dir='ltr'><strong>plicata</strong></span> <span class='ocrx_word' id='word_1_194' title='bbox 473 2523 530 2580; x_wconf 92' lang='lat' dir='ltr'><strong>hoc</strong></span> <span class='ocrx_word' id='word_1_195' title='bbox 550 2519 616 2578; x_wconf 90' lang='lat' dir='ltr'><strong>loco</strong></span> <span class='ocrx_word' id='word_1_196' title='bbox 637 2517 847 2593; x_wconf 88' lang='lat' dir='ltr'><strong>disputabitur.</strong></span> <span class='ocrx_word' id='word_1_197' title='bbox 1474 2521 1485 2534; x_wconf 59' lang='lat'><strong>⁸</strong></span> 
     </span>
    </p>
   </div>
   <div class='ocr_carea' id='block_1_3' title="bbox 502 2615 1119 2693">
    <p class='ocr_par' dir='ltr' id='par_1_3' title="bbox 502 2615 1119 2693">
     <span class='ocr_line' id='line_1_21' title="bbox 502 2615 1119 2693; baseline -0.005 -1"><span class='ocrx_word' id='word_1_198' title='bbox 502 2622 560 2693; x_wconf 87' lang='grc'><strong>18.</strong></span> <span class='ocrx_word' id='word_1_199' title='bbox 611 2615 824 2692; x_wconf 83' lang='lat' dir='ltr'><strong>Praefectus</strong></span> <span class='ocrx_word' id='word_1_200' title='bbox 850 2615 1119 2691; x_wconf 86' lang='lat' dir='ltr'><strong>alimentorum.</strong></span> 
     </span>
    </p>
   </div>
   <div class='ocr_carea' id='block_1_4' title="bbox 346 2737 1668 2916">
    <p class='ocr_par' dir='ltr' id='par_1_4' title="bbox 346 2737 1668 2916">
     <span class='ocr_line' id='line_1_22' title="bbox 427 2737 1668 2819; baseline 0.001 -19"><span class='ocrx_word' id='word_1_201' title='bbox 427 2741 506 2800; x_wconf 86' lang='lat' dir='ltr'><strong>Vide</strong></span> <span class='ocrx_word' id='word_1_202' title='bbox 526 2759 603 2818; x_wconf 89' lang='lat' dir='ltr'><strong>quae</strong></span> <span class='ocrx_word' id='word_1_203' title='bbox 624 2739 705 2798; x_wconf 90' lang='lat' dir='ltr'><strong>dicta</strong></span> <span class='ocrx_word' id='word_1_204' title='bbox 725 2748 797 2798; x_wconf 89' lang='lat' dir='ltr'><strong>sunt</strong></span> <span class='ocrx_word' id='word_1_205' title='bbox 816 2756 846 2815; x_wconf 91' lang='lat' dir='ltr'><strong>p.</strong></span> <span class='ocrx_word' id='word_1_206' title='bbox 861 2737 917 2797; x_wconf 86' lang='lat'><strong>133</strong></span> <span class='ocrx_word' id='word_1_207' title='bbox 926 2755 971 2815; x_wconf 92' lang='lat' dir='ltr'><strong>sq.</strong></span> <span class='ocrx_word' id='word_1_208' title='bbox 1007 2737 1089 2798; x_wconf 80' lang='lat' dir='ltr'><strong>Fieri</strong></span> <span class='ocrx_word' id='word_1_209' title='bbox 1108 2746 1218 2817; x_wconf 88' lang='lat' dir='ltr'><strong>potest,</strong></span> <span class='ocrx_word' id='word_1_210' title='bbox 1239 2749 1272 2799; x_wconf 88' lang='lat' dir='ltr'><strong>ut</strong></span> <span class='ocrx_word' id='word_1_211' title='bbox 1285 2760 1323 2800; x_wconf 91' lang='lat' dir='ltr'><strong>ea</strong></span> <span class='ocrx_word' id='word_1_212' title='bbox 1335 2741 1526 2819; x_wconf 78' lang='lat' dir='ltr'><strong>praefectura</strong></span> <span class='ocrx_word' id='word_1_213' title='bbox 1539 2738 1668 2802; x_wconf 85' lang='lat' dir='ltr'><strong>Sabinus</strong></span> 
     </span>
     <span class='ocr_line' id='line_1_23' title="bbox 346 2839 1226 2916; baseline -0.006 -11"><span class='ocrx_word' id='word_1_214' title='bbox 346 2847 465 2905; x_wconf 82' lang='lat' dir='ltr'><strong>iunctus</strong></span> <span class='ocrx_word' id='word_1_215' title='bbox 487 2842 528 2901; x_wconf 91' lang='lat' dir='ltr'><strong>sit</strong></span> <span class='ocrx_word' id='word_1_216' title='bbox 548 2841 639 2900; x_wconf 90' lang='lat' dir='ltr'><strong>simul</strong></span> <span class='ocrx_word' id='word_1_217' title='bbox 660 2847 749 2916; x_wconf 85' lang='lat' dir='ltr'><strong>atquc</strong></span> <span class='ocrx_word' id='word_1_218' title='bbox 769 2858 892 2899; x_wconf 87' lang='lat' dir='ltr'><strong>munere</strong></span> <span class='ocrx_word' id='word_1_219' title='bbox 913 2839 1088 2910; x_wconf 77' lang='lat' dir='ltr'><strong>runcatoris</strong></span> <span class='ocrx_word' id='word_1_220' title='bbox 1110 2841 1226 2900; x_wconf 86' lang='lat' dir='ltr'><strong>ltaliae.</strong></span> 
     </span>
    </p>
   </div>
   <div class='ocr_carea' id='block_1_5' title="bbox 501 2937 1445 3037">
    <p class='ocr_par' dir='ltr' id='par_1_5' title="bbox 501 2937 1445 3037">
     <span class='ocr_line' id='line_1_24' title="bbox 501 2937 1445 3037; baseline -0.002 -21"><span class='ocrx_word' id='word_1_221' title='bbox 501 2944 558 3016; x_wconf 89' lang='lat'><strong>19.</strong></span> <span class='ocrx_word' id='word_1_222' title='bbox 611 2938 760 3014; x_wconf 84' lang='lat' dir='ltr'><strong>Electus</strong></span> <span class='ocrx_word' id='word_1_223' title='bbox 786 2939 833 3012; x_wconf 92' lang='lat' dir='ltr'><strong>ad</strong></span> <span class='ocrx_word' id='word_1_224' title='bbox 860 2937 1116 3037; x_wconf 85' lang='lat' dir='ltr'><strong>corrigendum</strong></span> <span class='ocrx_word' id='word_1_225' title='bbox 1143 2950 1281 3015; x_wconf 89' lang='lat' dir='ltr'><strong>statum</strong></span> <span class='ocrx_word' id='word_1_226' title='bbox 1307 2938 1445 3014; x_wconf 87' lang='lat' dir='ltr'><strong>Italiae.</strong></span> 
     </span>
    </p>
   </div>
   <div class='ocr_carea' id='block_1_6' title="bbox 343 3060 1681 4055">
    <p class='ocr_par' dir='ltr' id='par_1_6' title="bbox 343 3060 1681 4055">
     <span class='ocr_line' id='line_1_25' title="bbox 429 3060 1668 3140; baseline -0.002 -14"><span class='ocrx_word' id='word_1_227' title='bbox 429 3064 571 3127; x_wconf 83' lang='lat' dir='ltr'><strong>Officium</strong></span> <span class='ocrx_word' id='word_1_228' title='bbox 584 3061 670 3122; x_wconf 88' lang='lat' dir='ltr'><strong>electi</strong></span> <span class='ocrx_word' id='word_1_229' title='bbox 685 3060 724 3119; x_wconf 97' lang='lat' dir='ltr'><strong>ad</strong></span> <span class='ocrx_word' id='word_1_230' title='bbox 738 3060 943 3139; x_wconf 89' lang='lat' dir='ltr'><strong>corrigendum</strong></span> <span class='ocrx_word' id='word_1_231' title='bbox 959 3067 1067 3120; x_wconf 87' lang='lat' dir='ltr'><strong>statum</strong></span> <span class='ocrx_word' id='word_1_232' title='bbox 1078 3061 1186 3121; x_wconf 86' lang='lat' dir='ltr'><strong>Italiac</strong></span> <span class='ocrx_word' id='word_1_233' title='bbox 1200 3062 1307 3122; x_wconf 90' lang='lat' dir='ltr'><strong>iisdem</strong></span> <span class='ocrx_word' id='word_1_234' title='bbox 1318 3064 1418 3123; x_wconf 83' lang='lat' dir='ltr'><strong>verbis</strong></span> <span class='ocrx_word' id='word_1_235' title='bbox 1433 3071 1588 3140; x_wconf 89' lang='lat' dir='ltr'><strong>praeterea</strong></span> <span class='ocrx_word' id='word_1_236' title='bbox 1598 3082 1668 3124; x_wconf 89' lang='lat' dir='ltr'><strong>nus·</strong></span> 
     </span>
     <span class='ocr_line' id='line_1_26' title="bbox 345 3162 1669 3246; baseline -0.002 -19"><span class='ocrx_word' id='word_1_237' title='bbox 345 3187 434 3246; x_wconf 82' lang='lat' dir='ltr'><strong>quam</strong></span> <span class='ocrx_word' id='word_1_238' title='bbox 455 3165 648 3235; x_wconf 89' lang='lat' dir='ltr'><strong>enuntiatum,</strong></span> <span class='ocrx_word' id='word_1_239' title='bbox 668 3169 827 3240; x_wconf 88' lang='lat' dir='ltr'><strong>eapropter</strong></span> <span class='ocrx_word' id='word_1_240' title='bbox 849 3162 1008 3239; x_wconf 88' lang='lat' dir='ltr'><strong>diligenter</strong></span> <span class='ocrx_word' id='word_1_241' title='bbox 1029 3163 1278 3224; x_wconf 89' lang='lat' dir='ltr'><strong>considerandum</strong></span> <span class='ocrx_word' id='word_1_242' title='bbox 1297 3174 1354 3238; x_wconf 89' lang='lat' dir='ltr'><strong>est,</strong></span> <span class='ocrx_word' id='word_1_243' title='bbox 1375 3165 1455 3241; x_wconf 88' lang='lat' dir='ltr'><strong>quod</strong></span> <span class='ocrx_word' id='word_1_244' title='bbox 1470 3184 1509 3224; x_wconf 88' lang='lat' dir='ltr'><strong>ex</strong></span> <span class='ocrx_word' id='word_1_245' title='bbox 1524 3166 1580 3225; x_wconf 91' lang='lat' dir='ltr'><strong>hoc</strong></span> <span class='ocrx_word' id='word_1_246' title='bbox 1594 3174 1669 3225; x_wconf 91' lang='lat' dir='ltr'><strong>tam-</strong></span> 
     </span>
     <span class='ocr_line' id='line_1_27' title="bbox 345 3245 1669 3349; baseline -0.003 -19"><span class='ocrx_word' id='word_1_247' title='bbox 345 3289 434 3349; x_wconf 87' lang='lat' dir='ltr'><strong>quam</strong></span> <span class='ocrx_word' id='word_1_248' title='bbox 455 3266 586 3346; x_wconf 87' lang='lat' dir='ltr'><strong>germine</strong></span> <span class='ocrx_word' id='word_1_249' title='bbox 607 3265 687 3324; x_wconf 89' lang='lat' dir='ltr'><strong>enati</strong></span> <span class='ocrx_word' id='word_1_250' title='bbox 708 3273 778 3323; x_wconf 90' lang='lat' dir='ltr'><strong>sunt</strong></span> <span class='ocrx_word' id='word_1_251' title='bbox 791 3245 975 3323; x_wconf 75' lang='lat' dir='ltr'><strong>correctores</strong></span> <span class='ocrx_word' id='word_1_252' title='bbox 989 3263 1097 3323; x_wconf 80' lang='grc'><strong>0010110</strong></span> <span class='ocrx_word' id='word_1_253' title='bbox 1112 3263 1326 3341; x_wconf 75' lang='lat' dir='ltr'><strong>posterioris²)</strong></span> <span class='ocrx_word' id='word_1_254' title='bbox 1350 3285 1446 3344; x_wconf 90' lang='lat' dir='ltr'><strong>neque</strong></span> <span class='ocrx_word' id='word_1_255' title='bbox 1461 3268 1524 3326; x_wconf 88' lang='lat' dir='ltr'><strong>eius</strong></span> <span class='ocrx_word' id='word_1_256' title='bbox 1538 3267 1669 3327; x_wconf 88' lang='lat' dir='ltr'><strong>instituti</strong></span> 
     </span>
     <span class='ocr_line' id='line_1_28' title="bbox 346 3351 1681 3446; baseline -0.001 -16"><span class='ocrx_word' id='word_1_257' title='bbox 346 3371 410 3430; x_wconf 89' lang='lat' dir='ltr'><strong>alla</strong></span> <span class='ocrx_word' id='word_1_258' title='bbox 430 3368 572 3428; x_wconf 85' lang='lat' dir='ltr'><strong>memoria</strong></span> <span class='ocrx_word' id='word_1_259' title='bbox 591 3375 675 3427; x_wconf 83' lang='lat' dir='ltr'><strong>extat</strong></span> <span class='ocrx_word' id='word_1_260' title='bbox 695 3365 743 3425; x_wconf 89' lang='lat' dir='ltr'><strong>hia</strong></span> <span class='ocrx_word' id='word_1_261' title='bbox 764 3365 859 3424; x_wconf 89' lang='lat' dir='ltr'><strong>titulis</strong></span> <span class='ocrx_word' id='word_1_262' title='bbox 881 3365 1041 3442; x_wconf 88' lang='lat' dir='ltr'><strong>antiquior.</strong></span> <span class='ocrx_word' id='word_1_263' title='bbox 1077 3364 1156 3426; x_wconf 89' lang='lat' dir='ltr'><strong>Nam</strong></span> <span class='ocrx_word' id='word_1_264' title='bbox 1178 3367 1296 3443; x_wconf 90' lang='lat' dir='ltr'><strong>legatus</strong></span> <span class='ocrx_word' id='word_1_265' title='bbox 1310 3368 1440 3446; x_wconf 83' lang='lat' dir='ltr'><strong>Augusti</strong></span> <span class='ocrx_word' id='word_1_266' title='bbox 1462 3351 1681 3446; x_wconf 74' lang='lat' dir='ltr'><strong>propraetore</strong></span> 
     </span>
     <span class='ocr_line' id='line_1_29' title="bbox 344 3465 1669 3550; baseline 0 -19"><span class='ocrx_word' id='word_1_267' title='bbox 344 3472 477 3550; x_wconf 90' lang='lat' dir='ltr'><strong>regionis</strong></span> <span class='ocrx_word' id='word_1_268' title='bbox 488 3468 723 3547; x_wconf 83' lang='lat' dir='ltr'><strong>Transpadanus</strong></span> <span class='ocrx_word' id='word_1_269' title='bbox 738 3467 844 3526; x_wconf 87' lang='lat' dir='ltr'><strong>aetatis</strong></span> <span class='ocrx_word' id='word_1_270' title='bbox 858 3466 1009 3525; x_wconf 88' lang='lat' dir='ltr'><strong>Traianae</strong></span> <span class='ocrx_word' id='word_1_271' title='bbox 1024 3465 1132 3540; x_wconf 90' lang='lat' dir='ltr'><strong>(Orell.</strong></span> <span class='ocrx_word' id='word_1_272' title='bbox 1145 3465 1252 3544; x_wconf 85' lang='grc'><strong>2273),</strong></span> <span class='ocrx_word' id='word_1_273' title='bbox 1267 3487 1354 3544; x_wconf 89' lang='lat' dir='ltr'><strong>quem</strong></span> <span class='ocrx_word' id='word_1_274' title='bbox 1370 3488 1435 3528; x_wconf 90' lang='lat' dir='ltr'><strong>cum</strong></span> <span class='ocrx_word' id='word_1_275' title='bbox 1449 3473 1669 3532; x_wconf 86' lang='lat' dir='ltr'><strong>correctoribus</strong></span> 
     </span>
     <span class='ocr_line' id='line_1_30' title="bbox 344 3557 1668 3648; baseline 0.001 -16"><span class='ocrx_word' id='word_1_276' title='bbox 344 3574 450 3632; x_wconf 88' lang='lat' dir='ltr'><strong>ltaliae</strong></span> <span class='ocrx_word' id='word_1_277' title='bbox 471 3569 640 3648; x_wconf 88' lang='lat' dir='ltr'><strong>composuit</strong></span> <span class='ocrx_word' id='word_1_278' title='bbox 661 3557 845 3646; x_wconf 86' lang='lat' dir='ltr'><strong>Borgbesius</strong></span> <span class='ocrx_word' id='word_1_279' title='bbox 867 3567 952 3646; x_wconf 89' lang='lat' dir='ltr'><strong>(opp.</strong></span> <span class='ocrx_word' id='word_1_280' title='bbox 968 3568 997 3639; x_wconf 84' lang='lat'><strong>5,</strong></span> <span class='ocrx_word' id='word_1_281' title='bbox 1012 3567 1098 3642; x_wconf 86' lang='lat'><strong>408),</strong></span> <span class='ocrx_word' id='word_1_282' title='bbox 1123 3568 1213 3627; x_wconf 90' lang='lat' dir='ltr'><strong>hodie</strong></span> <span class='ocrx_word' id='word_1_283' title='bbox 1234 3581 1393 3647; x_wconf 89' lang='lat' dir='ltr'><strong>postquam</strong></span> <span class='ocrx_word' id='word_1_284' title='bbox 1413 3571 1543 3631; x_wconf 90' lang='lat' dir='ltr'><strong>innotuit</strong></span> <span class='ocrx_word' id='word_1_285' title='bbox 1564 3573 1668 3633; x_wconf 89' lang='lat' dir='ltr'><strong>titulus</strong></span> 
     </span>
     <span class='ocr_line' id='line_1_31' title="bbox 344 3667 1668 3750; baseline -0.002 -15"><span class='ocrx_word' id='word_1_286' title='bbox 344 3673 492 3735; x_wconf 86' lang='lat' dir='ltr'><strong>Cirtensis</strong></span> <span class='ocrx_word' id='word_1_287' title='bbox 520 3671 558 3730; x_wconf 88' lang='grc' dir='ltr'><strong>Τ.</strong></span> <span class='ocrx_word' id='word_1_288' title='bbox 586 3668 743 3730; x_wconf 80' lang='lat' dir='ltr'><strong>Caesernii</strong></span> <span class='ocrx_word' id='word_1_289' title='bbox 770 3667 910 3740; x_wconf 85' lang='lat' dir='ltr'><strong>Macrini,</strong></span> <span class='ocrx_word' id='word_1_290' title='bbox 943 3670 995 3745; x_wconf 91' lang='lat' dir='ltr'><strong>qui</strong></span> <span class='ocrx_word' id='word_1_291' title='bbox 1026 3669 1204 3730; x_wconf 90' lang='lat' dir='ltr'><strong>tribunicius</strong></span> <span class='ocrx_word' id='word_1_292' title='bbox 1235 3675 1339 3732; x_wconf 83' lang='lat' dir='ltr'><strong>missus</strong></span> <span class='ocrx_word' id='word_1_293' title='bbox 1367 3679 1414 3732; x_wconf 87' lang='lat' dir='ltr'><strong>est</strong></span> <span class='ocrx_word' id='word_1_294' title='bbox 1442 3675 1484 3731; x_wconf 87' lang='lat' dir='ltr'><strong>ud</strong></span> <span class='ocrx_word' id='word_1_295' title='bbox 1508 3673 1668 3750; x_wconf 82' lang='lat' dir='ltr'><strong>dilee[ta]m</strong></span> 
     </span>
     <span class='ocr_line' id='line_1_32' title="bbox 343 3769 1667 3850; baseline -0.002 -16"><span class='ocrx_word' id='word_1_296' title='bbox 343 3778 484 3834; x_wconf 83' lang='lat' dir='ltr'><strong>iuniorum</strong></span> <span class='ocrx_word' id='word_1_297' title='bbox 505 3789 525 3829; x_wconf 82' lang='lat' dir='ltr'><strong>a</strong></span> <span class='ocrx_word' id='word_1_298' title='bbox 546 3773 611 3830; x_wconf 81' lang='lat' dir='ltr'><strong>dieo</strong></span> <span class='ocrx_word' id='word_1_299' title='bbox 629 3769 786 3829; x_wconf 85' lang='lat' dir='ltr'><strong>Hadriana</strong></span> <span class='ocrx_word' id='word_1_300' title='bbox 804 3773 835 3828; x_wconf 81' lang='lat' dir='ltr'><strong>in</strong></span> <span class='ocrx_word' id='word_1_301' title='bbox 852 3773 992 3846; x_wconf 73' lang='lat' dir='ltr'><strong>reqionem</strong></span> <span class='ocrx_word' id='word_1_302' title='bbox 1007 3771 1297 3849; x_wconf 82' lang='lat' dir='ltr'><strong>Transpadccam³),</strong></span> <span class='ocrx_word' id='word_1_303' title='bbox 1318 3773 1503 3850; x_wconf 88' lang='lat' dir='ltr'><strong>probabilius</strong></span> <span class='ocrx_word' id='word_1_304' title='bbox 1521 3775 1667 3835; x_wconf 82' lang='lat' dir='ltr'><strong>referetur</strong></span> 
     </span>
     <span class='ocr_line' id='line_1_33' title="bbox 344 3869 1668 3951; baseline 0 -17"><span class='ocrx_word' id='word_1_305' title='bbox 344 3876 421 3934; x_wconf 90' lang='lat' dir='ltr'><strong>inter</strong></span> <span class='ocrx_word' id='word_1_306' title='bbox 439 3874 555 3950; x_wconf 89' lang='lat' dir='ltr'><strong>legatos</strong></span> <span class='ocrx_word' id='word_1_307' title='bbox 576 3869 817 3947; x_wconf 87' lang='lat' dir='ltr'><strong>dilectatores⁴).</strong></span> <span class='ocrx_word' id='word_1_308' title='bbox 859 3869 1005 3930; x_wconf 89' lang='lat' dir='ltr'><strong>Videntur</strong></span> <span class='ocrx_word' id='word_1_309' title='bbox 1025 3879 1138 3946; x_wconf 88' lang='lat' dir='ltr'><strong>autem,</strong></span> <span class='ocrx_word' id='word_1_310' title='bbox 1165 3879 1198 3932; x_wconf 92' lang='lat' dir='ltr'><strong>ut</strong></span> <span class='ocrx_word' id='word_1_311' title='bbox 1218 3872 1249 3931; x_wconf 93' lang='lat' dir='ltr'><strong>in</strong></span> <span class='ocrx_word' id='word_1_312' title='bbox 1269 3873 1439 3951; x_wconf 84' lang='lat' dir='ltr'><strong>provincias</strong></span> <span class='ocrx_word' id='word_1_313' title='bbox 1462 3877 1628 3935; x_wconf 87' lang='lat' dir='ltr'><strong>senatorias</strong></span> <span class='ocrx_word' id='word_1_314' title='bbox 1648 3895 1668 3934; x_wconf 87' lang='lat' dir='ltr'><strong>a</strong></span> 
     </span>
     <span class='ocr_line' id='line_1_34' title="bbox 343 3967 1667 4055; baseline 0.003 -23"><span class='ocrx_word' id='word_1_315' title='bbox 343 3973 468 4033; x_wconf 88' lang='lat' dir='ltr'><strong>Traiani</strong></span> <span class='ocrx_word' id='word_1_316' title='bbox 488 3972 558 4032; x_wconf 87' lang='lat' dir='ltr'><strong>inde</strong></span> <span class='ocrx_word' id='word_1_317' title='bbox 583 3977 682 4031; x_wconf 87' lang='lat' dir='ltr'><strong>aetate</strong></span> <span class='ocrx_word' id='word_1_318' title='bbox 707 3978 826 4048; x_wconf 84' lang='lat' dir='ltr'><strong>praeter</strong></span> <span class='ocrx_word' id='word_1_319' title='bbox 850 3972 1046 4049; x_wconf 89' lang='lat' dir='ltr'><strong>proconsules</strong></span> <span class='ocrx_word' id='word_1_320' title='bbox 1068 3967 1261 4034; x_wconf 89' lang='lat' dir='ltr'><strong>mittebantur</strong></span> <span class='ocrx_word' id='word_1_321' title='bbox 1280 3975 1407 4034; x_wconf 88' lang='lat' dir='ltr'><strong>subinde</strong></span> <span class='ocrx_word' id='word_1_322' title='bbox 1426 3974 1518 4053; x_wconf 87' lang='lat' dir='ltr'><strong>iegati</strong></span> <span class='ocrx_word' id='word_1_323' title='bbox 1539 3976 1667 4055; x_wconf 89' lang='lat' dir='ltr'><strong>impera-</strong></span> 
     </span>
    </p>
   </div>
   <div class='ocr_carea' id='block_1_7' title="bbox 341 4247 1666 5229">
    <p class='ocr_par' dir='ltr' id='par_1_7' title="bbox 344 4247 1664 4406">
     <span class='ocr_line' id='line_1_35' title="bbox 421 4247 1664 4320; baseline 0.005 -22"><span class='ocrx_word' id='word_1_324' title='bbox 421 4247 444 4310; x_wconf 93' lang='grc'><strong>1)</strong></span> <span class='ocrx_word' id='word_1_325' title='bbox 473 4247 514 4298; x_wconf 84' lang='grc'><strong>01.</strong></span> <span class='ocrx_word' id='word_1_326' title='bbox 533 4248 612 4298; x_wconf 84' lang='lat' dir='ltr'><strong>verba</strong></span> <span class='ocrx_word' id='word_1_327' title='bbox 630 4247 707 4298; x_wconf 88' lang='lat' dir='ltr'><strong>edicti</strong></span> <span class='ocrx_word' id='word_1_328' title='bbox 724 4249 846 4313; x_wconf 87' lang='lat' dir='ltr'><strong>praetorii</strong></span> <span class='ocrx_word' id='word_1_329' title='bbox 863 4249 924 4315; x_wconf 86' lang='lat' dir='ltr'><strong>Dig.</strong></span> <span class='ocrx_word' id='word_1_330' title='bbox 938 4251 982 4311; x_wconf 84' lang='grc'><strong>44,</strong></span> <span class='ocrx_word' id='word_1_331' title='bbox 998 4252 1022 4312; x_wconf 84' lang='grc'><strong>6,</strong></span> <span class='ocrx_word' id='word_1_332' title='bbox 1038 4252 1053 4300; x_wconf 98' lang='grc'><strong>2</strong></span> <span class='ocrx_word' id='word_1_333' title='bbox 1067 4267 1118 4316; x_wconf 76' lang='lat' dir='ltr'><strong>ps:</strong></span> <span class='ocrx_word' id='word_1_334' title='bbox 1135 4257 1311 4319; x_wconf 83' lang='lat' dir='ltr'><strong>praeterquam</strong></span> <span class='ocrx_word' id='word_1_335' title='bbox 1331 4252 1398 4319; x_wconf 86' lang='lat' dir='ltr'><strong>quod</strong></span> <span class='ocrx_word' id='word_1_336' title='bbox 1416 4253 1469 4320; x_wconf 84' lang='lat' dir='ltr'><strong>lepe</strong></span> <span class='ocrx_word' id='word_1_337' title='bbox 1488 4261 1589 4304; x_wconf 77' lang='lat' dir='ltr'><strong>serente</strong></span> <span class='ocrx_word' id='word_1_338' title='bbox 1607 4271 1664 4306; x_wconf 86' lang='lat' dir='ltr'><strong>con-</strong></span> 
     </span>
     <span class='ocr_line' id='line_1_36' title="bbox 344 4337 1095 4406; baseline 0 -14"><span class='ocrx_word' id='word_1_339' title='bbox 344 4342 409 4392; x_wconf 85' lang='lat' dir='ltr'><strong>sulto</strong></span> <span class='ocrx_word' id='word_1_340' title='bbox 426 4339 507 4391; x_wconf 81' lang='lat' dir='ltr'><strong>edicto</strong></span> <span class='ocrx_word' id='word_1_341' title='bbox 526 4337 654 4390; x_wconf 68' lang='grc'><strong>1110101000</strong></span> <span class='ocrx_word' id='word_1_342' title='bbox 667 4338 810 4406; x_wconf 71' lang='lat' dir='ltr'><strong>principum</strong></span> <span class='ocrx_word' id='word_1_343' title='bbox 828 4338 876 4390; x_wconf 80' lang='lat' dir='ltr'><strong>tibi</strong></span> <span class='ocrx_word' id='word_1_344' title='bbox 892 4356 1032 4392; x_wconf 70' lang='lat' dir='ltr'><strong>comessum</strong></span> <span class='ocrx_word' id='word_1_345' title='bbox 1050 4349 1095 4393; x_wconf 83' lang='lat' dir='ltr'><strong>est.</strong></span> 
     </span>
    </p>

    <p class='ocr_par' dir='ltr' id='par_1_8' title="bbox 345 4429 1665 4588">
     <span class='ocr_line' id='line_1_37' title="bbox 419 4429 1665 4502; baseline 0.003 -20"><span class='ocrx_word' id='word_1_346' title='bbox 419 4429 444 4494; x_wconf 83' lang='lat'><strong>¹)</strong></span> <span class='ocrx_word' id='word_1_347' title='bbox 472 4431 540 4483; x_wconf 90' lang='lat' dir='ltr'><strong>Vide</strong></span> <span class='ocrx_word' id='word_1_348' title='bbox 563 4444 628 4496; x_wconf 90' lang='lat' dir='ltr'><strong>qnae</strong></span> <span class='ocrx_word' id='word_1_349' title='bbox 651 4430 684 4480; x_wconf 88' lang='lat' dir='ltr'><strong>ds</strong></span> <span class='ocrx_word' id='word_1_350' title='bbox 702 4431 889 4482; x_wconf 85' lang='lat' dir='ltr'><strong>correctoribus</strong></span> <span class='ocrx_word' id='word_1_351' title='bbox 907 4433 1018 4483; x_wconf 86' lang='lat' dir='ltr'><strong>diximus</strong></span> <span class='ocrx_word' id='word_1_352' title='bbox 1036 4432 1193 4499; x_wconf 87' lang='lat' dir='ltr'><strong>Borghesius</strong></span> <span class='ocrx_word' id='word_1_353' title='bbox 1211 4435 1238 4486; x_wconf 91' lang='lat' dir='ltr'><strong>in</strong></span> <span class='ocrx_word' id='word_1_354' title='bbox 1257 4450 1317 4486; x_wconf 88' lang='lat' dir='ltr'><strong>ann.</strong></span> <span class='ocrx_word' id='word_1_355' title='bbox 1336 4436 1396 4486; x_wconf 87' lang='lat' dir='ltr'><strong>inst.</strong></span> <span class='ocrx_word' id='word_1_356' title='bbox 1418 4436 1489 4487; x_wconf 88' lang='grc'><strong>1653</strong></span> <span class='ocrx_word' id='word_1_357' title='bbox 1508 4451 1534 4501; x_wconf 91' lang='lat' dir='ltr'><strong>p.</strong></span> <span class='ocrx_word' id='word_1_358' title='bbox 1549 4438 1600 4486; x_wconf 86' lang='grc'><strong>221</strong></span> <span class='ocrx_word' id='word_1_359' title='bbox 1611 4451 1665 4502; x_wconf 86' lang='lat' dir='ltr'><strong>seq.</strong></span> 
     </span>
     <span class='ocr_line' id='line_1_38' title="bbox 345 4519 1124 4588; baseline 0.001 -14"><span class='ocrx_word' id='word_1_360' title='bbox 345 4543 379 4568; x_wconf 84' lang='lat'>=</span> <span class='ocrx_word' id='word_1_361' title='bbox 393 4539 453 4588; x_wconf 89' lang='lat' dir='ltr'><strong>opp.</strong></span> <span class='ocrx_word' id='word_1_362' title='bbox 467 4522 493 4586; x_wconf 89' lang='grc'><strong>5,</strong></span> <span class='ocrx_word' id='word_1_363' title='bbox 507 4521 561 4575; x_wconf 90' lang='grc'><strong>415</strong></span> <span class='ocrx_word' id='word_1_364' title='bbox 581 4528 607 4572; x_wconf 89' lang='lat' dir='ltr'><strong>et</strong></span> <span class='ocrx_word' id='word_1_365' title='bbox 624 4535 672 4588; x_wconf 89' lang='lat' dir='ltr'><strong>ego</strong></span> <span class='ocrx_word' id='word_1_366' title='bbox 690 4521 751 4572; x_wconf 75' lang='lat' dir='ltr'><strong>rim.</strong></span> <span class='ocrx_word' id='word_1_367' title='bbox 770 4519 927 4574; x_wconf 80' lang='lat' dir='ltr'><strong>Feldmeeeer</strong></span> <span class='ocrx_word' id='word_1_368' title='bbox 946 4524 1124 4586; x_wconf 64' lang='grc'><strong>2106196.</strong></span> 
     </span>
    </p>

    <p class='ocr_par' dir='ltr' id='par_1_9' title="bbox 341 4610 1666 5140">
     <span class='ocr_line' id='line_1_39' title="bbox 419 4610 1664 4682; baseline 0.002 -17"><span class='ocrx_word' id='word_1_369' title='bbox 419 4611 445 4676; x_wconf 81' lang='lat'><strong>³)</strong></span> <span class='ocrx_word' id='word_1_370' title='bbox 471 4614 566 4666; x_wconf 83' lang='lat' dir='ltr'><strong>Renier</strong></span> <span class='ocrx_word' id='word_1_371' title='bbox 577 4610 702 4682; x_wconf 73' lang='lat' dir='ltr'><strong>milnrper</strong></span> <span class='ocrx_word' id='word_1_372' title='bbox 713 4631 738 4680; x_wconf 89' lang='lat' dir='ltr'><strong>p.</strong></span> <span class='ocrx_word' id='word_1_373' title='bbox 750 4613 799 4678; x_wconf 73' lang='lat'><strong>⁷53</strong></span> <span class='ocrx_word' id='word_1_374' title='bbox 817 4615 894 4666; x_wconf 89' lang='lat' dir='ltr'><strong>inscr.</strong></span> <span class='ocrx_word' id='word_1_375' title='bbox 907 4614 969 4680; x_wconf 81' lang='lat' dir='ltr'><strong>Alg.</strong></span> <span class='ocrx_word' id='word_1_376' title='bbox 987 4631 1014 4667; x_wconf 88' lang='lat' dir='ltr'><strong>u.</strong></span> <span class='ocrx_word' id='word_1_377' title='bbox 1027 4617 1107 4667; x_wconf 84' lang='grc'><strong>1317.</strong></span> <span class='ocrx_word' id='word_1_378' title='bbox 1140 4615 1253 4667; x_wconf 71' lang='lat' dir='ltr'><strong>Cirtisa</strong></span> <span class='ocrx_word' id='word_1_379' title='bbox 1266 4613 1461 4680; x_wconf 66' lang='grc'><strong>13100010002,</strong></span> <span class='ocrx_word' id='word_1_380' title='bbox 1475 4618 1536 4668; x_wconf 90' lang='grc'><strong>191.</strong></span> <span class='ocrx_word' id='word_1_381' title='bbox 1565 4617 1664 4668; x_wconf 87' lang='lat' dir='ltr'><strong>Eodem</strong></span> 
     </span>
     <span class='ocr_line' id='line_1_40' title="bbox 343 4705 1664 4776; baseline 0.002 -19"><span class='ocrx_word' id='word_1_382' title='bbox 343 4706 452 4757; x_wconf 82' lang='lat' dir='ltr'><strong>fortasse</strong></span> <span class='ocrx_word' id='word_1_383' title='bbox 475 4705 622 4757; x_wconf 79' lang='lat' dir='ltr'><strong>referendus</strong></span> <span class='ocrx_word' id='word_1_384' title='bbox 641 4712 680 4757; x_wconf 88' lang='lat' dir='ltr'><strong>est</strong></span> <span class='ocrx_word' id='word_1_385' title='bbox 698 4707 786 4757; x_wconf 83' lang='grc'><strong>1110100</strong></span> <span class='ocrx_word' id='word_1_386' title='bbox 804 4707 951 4772; x_wconf 84' lang='lat' dir='ltr'><strong>Campanus</strong></span> <span class='ocrx_word' id='word_1_387' title='bbox 968 4707 991 4758; x_wconf 91' lang='lat'><strong>1.</strong></span> <span class='ocrx_word' id='word_1_388' title='bbox 1004 4707 1039 4758; x_wconf 86' lang='lat' dir='ltr'><strong>N.</strong></span> <span class='ocrx_word' id='word_1_389' title='bbox 1053 4707 1124 4759; x_wconf 88' lang='grc'><strong>3604</strong></span> <span class='ocrx_word' id='word_1_390' title='bbox 1143 4709 1173 4759; x_wconf 88' lang='lat' dir='ltr'><strong>L.</strong></span> <span class='ocrx_word' id='word_1_391' title='bbox 1192 4707 1277 4758; x_wconf 78' lang='lat' dir='ltr'><strong>Fulvii</strong></span> <span class='ocrx_word' id='word_1_392' title='bbox 1296 4708 1449 4759; x_wconf 81' lang='lat' dir='ltr'><strong>Aemiliani:</strong></span> <span class='ocrx_word' id='word_1_393' title='bbox 1473 4707 1550 4760; x_wconf 84' lang='lat' dir='ltr'><strong>electo</strong></span> <span class='ocrx_word' id='word_1_394' title='bbox 1569 4706 1602 4759; x_wconf 84' lang='lat' dir='ltr'><strong>ab</strong></span> <span class='ocrx_word' id='word_1_395' title='bbox 1621 4725 1664 4776; x_wconf 91' lang='lat' dir='ltr'><strong>op·</strong></span> 
     </span>
     <span class='ocr_line' id='line_1_41' title="bbox 344 4793 1665 4868; baseline 0.003 -22"><span class='ocrx_word' id='word_1_396' title='bbox 344 4795 414 4860; x_wconf 84' lang='lat' dir='ltr'><strong>[tiara</strong></span> <span class='ocrx_word' id='word_1_397' title='bbox 438 4796 496 4863; x_wconf 86' lang='lat' dir='ltr'><strong>imp.</strong></span> <span class='ocrx_word' id='word_1_398' title='bbox 520 4793 623 4860; x_wconf 65' lang='lat' dir='ltr'><strong>sevae]</strong></span> <span class='ocrx_word' id='word_1_399' title='bbox 648 4795 796 4848; x_wconf 70' lang='lat' dir='ltr'><strong>Alexandra</strong></span> <span class='ocrx_word' id='word_1_400' title='bbox 821 4796 857 4848; x_wconf 86' lang='lat' dir='ltr'><strong>cd</strong></span> <span class='ocrx_word' id='word_1_401' title='bbox 879 4795 1007 4860; x_wconf 71' lang='lat' dir='ltr'><strong>[dilectam</strong></span> <span class='ocrx_word' id='word_1_402' title='bbox 1031 4795 1180 4864; x_wconf 76' lang='lat' dir='ltr'><strong>habendum]</strong></span> <span class='ocrx_word' id='word_1_403' title='bbox 1202 4814 1249 4868; x_wconf 86' lang='lat' dir='ltr'><strong>per</strong></span> <span class='ocrx_word' id='word_1_404' title='bbox 1271 4800 1395 4866; x_wconf 75' lang='lat' dir='ltr'><strong>reqionem</strong></span> <span class='ocrx_word' id='word_1_405' title='bbox 1418 4797 1665 4867; x_wconf 80' lang='lat' dir='ltr'><strong>Tra[nepadaaarn];</strong></span> 
     </span>
     <span class='ocr_line' id='line_1_42' title="bbox 344 4885 1666 4958; baseline 0.002 -20"><span class='ocrx_word' id='word_1_406' title='bbox 344 4889 387 4938; x_wconf 86' lang='lat' dir='ltr'><strong>ubi</strong></span> <span class='ocrx_word' id='word_1_407' title='bbox 412 4886 481 4954; x_wconf 90' lang='lat' dir='ltr'><strong>quod</strong></span> <span class='ocrx_word' id='word_1_408' title='bbox 503 4886 566 4938; x_wconf 85' lang='lat' dir='ltr'><strong>cllur</strong></span> <span class='ocrx_word' id='word_1_409' title='bbox 589 4888 711 4953; x_wconf 87' lang='lat' dir='ltr'><strong>proposui</strong></span> <span class='ocrx_word' id='word_1_410' title='bbox 737 4886 773 4937; x_wconf 88' lang='lat' dir='ltr'><strong>ad</strong></span> <span class='ocrx_word' id='word_1_411' title='bbox 795 4885 847 4950; x_wconf 84' lang='lat' dir='ltr'><strong>[ius</strong></span> <span class='ocrx_word' id='word_1_412' title='bbox 864 4886 1005 4954; x_wconf 80' lang='lat' dir='ltr'><strong>dicendum]</strong></span> <span class='ocrx_word' id='word_1_413' title='bbox 1025 4891 1084 4941; x_wconf 89' lang='lat' dir='ltr'><strong>ideo</strong></span> <span class='ocrx_word' id='word_1_414' title='bbox 1103 4892 1186 4942; x_wconf 87' lang='lat' dir='ltr'><strong>minus</strong></span> <span class='ocrx_word' id='word_1_415' title='bbox 1204 4891 1337 4956; x_wconf 76' lang='lat' dir='ltr'><strong>probabile</strong></span> <span class='ocrx_word' id='word_1_416' title='bbox 1356 4897 1407 4954; x_wconf 86' lang='lat' dir='ltr'><strong>est,</strong></span> <span class='ocrx_word' id='word_1_417' title='bbox 1432 4893 1501 4958; x_wconf 90' lang='lat' dir='ltr'><strong>qnod</strong></span> <span class='ocrx_word' id='word_1_418' title='bbox 1520 4891 1666 4942; x_wconf 81' lang='lat' dir='ltr'><strong>Alexandri</strong></span> 
     </span>
     <span class='ocr_line' id='line_1_43' title="bbox 343 4977 1665 5044; baseline 0.005 -17"><span class='ocrx_word' id='word_1_419' title='bbox 343 4983 428 5028; x_wconf 82' lang='lat' dir='ltr'><strong>aetate</strong></span> <span class='ocrx_word' id='word_1_420' title='bbox 449 4977 550 5029; x_wconf 90' lang='lat' dir='ltr'><strong>iuridici</strong></span> <span class='ocrx_word' id='word_1_421' title='bbox 573 4979 711 5044; x_wconf 86' lang='lat' dir='ltr'><strong>appellatio</strong></span> <span class='ocrx_word' id='word_1_422' title='bbox 733 4985 835 5044; x_wconf 87' lang='lat' dir='ltr'><strong>recepta</strong></span> <span class='ocrx_word' id='word_1_423' title='bbox 857 4979 910 5029; x_wconf 85' lang='lat' dir='ltr'><strong>ianr</strong></span> <span class='ocrx_word' id='word_1_424' title='bbox 927 4981 977 5031; x_wconf 83' lang='lat' dir='ltr'><strong>init</strong></span> <span class='ocrx_word' id='word_1_425' title='bbox 994 4987 1020 5030; x_wconf 87' lang='lat' dir='ltr'><strong>et</strong></span> <span class='ocrx_word' id='word_1_426' title='bbox 1037 4981 1177 5033; x_wconf 88' lang='lat' dir='ltr'><strong>sollemnis.</strong></span> <span class='ocrx_word' id='word_1_427' title='bbox 1214 4983 1288 5034; x_wconf 82' lang='lat' dir='ltr'><strong>Alibi</strong></span> <span class='ocrx_word' id='word_1_428' title='bbox 1306 4989 1344 5033; x_wconf 90' lang='lat' dir='ltr'><strong>est</strong></span> <span class='ocrx_word' id='word_1_429' title='bbox 1366 4982 1459 5034; x_wconf 82' lang='lat' dir='ltr'><strong>eiectus</strong></span> <span class='ocrx_word' id='word_1_430' title='bbox 1476 4979 1571 5036; x_wconf 80' lang='lat' dir='ltr'><strong>r&#39;adr&#39;cic</strong></span> <span class='ocrx_word' id='word_1_431' title='bbox 1591 4999 1665 5034; x_wconf 67' lang='lat' dir='ltr'><strong>snae</strong></span> 
     </span>
     <span class='ocr_line' id='line_1_44' title="bbox 341 5066 1320 5140; baseline 0.006 -20"><span class='ocrx_word' id='word_1_432' title='bbox 341 5067 379 5120; x_wconf 86' lang='lat' dir='ltr'><strong>ad</strong></span> <span class='ocrx_word' id='word_1_433' title='bbox 396 5066 505 5134; x_wconf 77' lang='lat' dir='ltr'><strong>[cmsur]</strong></span> <span class='ocrx_word' id='word_1_434' title='bbox 525 5067 691 5136; x_wconf 73' lang='lat' dir='ltr'><strong>mceptaadcr</strong></span> <span class='ocrx_word' id='word_1_435' title='bbox 706 5084 753 5136; x_wconf 85' lang='lat' dir='ltr'><strong>per</strong></span> <span class='ocrx_word' id='word_1_436' title='bbox 766 5070 927 5137; x_wconf 78' lang='lat' dir='ltr'><strong>provinciam</strong></span> <span class='ocrx_word' id='word_1_437' title='bbox 944 5069 1075 5140; x_wconf 73' lang='lat' dir='ltr'><strong>Betprccra</strong></span> <span class='ocrx_word' id='word_1_438' title='bbox 1093 5071 1210 5134; x_wconf 80' lang='lat' dir='ltr'><strong>(Heraea</strong></span> <span class='ocrx_word' id='word_1_439' title='bbox 1229 5073 1320 5136; x_wconf 79' lang='grc'><strong>6511).</strong></span> 
     </span>
    </p>

    <p class='ocr_par' dir='ltr' id='par_1_10' title="bbox 419 5156 923 5229">
     <span class='ocr_line' id='line_1_45' title="bbox 419 5156 923 5229; baseline 0 -17"><span class='ocrx_word' id='word_1_440' title='bbox 419 5158 444 5222; x_wconf 79' lang='lat'><strong>¹)</strong></span> <span class='ocrx_word' id='word_1_441' title='bbox 474 5159 515 5212; x_wconf 85' lang='grc'><strong>01.</strong></span> <span class='ocrx_word' id='word_1_442' title='bbox 533 5159 629 5212; x_wconf 84' lang='lat' dir='ltr'><strong>Renier</strong></span> <span class='ocrx_word' id='word_1_443' title='bbox 646 5156 771 5228; x_wconf 79' lang='lat' dir='ltr'><strong>rne&#39;laapee</strong></span> <span class='ocrx_word' id='word_1_444' title='bbox 787 5175 813 5228; x_wconf 86' lang='lat' dir='ltr'><strong>p.</strong></span> <span class='ocrx_word' id='word_1_445' title='bbox 828 5162 923 5229; x_wconf 77' lang='grc'><strong>73000.</strong></span> 
     </span>
    </p>
   </div>
   <div class='ocr_carea' id='block_1_8' title="bbox 0 0 1876 5826">
    <p class='ocr_par' dir='ltr' id='par_1_11' title="bbox 0 0 1876 5826">
     <span class='ocr_line' id='line_1_46' title="bbox 0 0 1876 5826; baseline 0 0"><span class='ocrx_word' id='word_1_446' title='bbox 0 0 1876 5826; x_wconf 95' lang='lat' dir='ltr'><strong> </strong></span> 
     </span>
    </p>
   </div>
  </div>
 </body>
</html>
