3736 5822
346 550 395 620 94
906 557 1106 612 ιιιιιιιιιιιε

344 660 746 679 -—.......—.

344 739 480 818 legiones
501 735 607 795 iisdem
628 731 735 792 castris
756 729 985 806 haberentur1).
1027 730 1063 789 Id
1085 747 1205 806 quoque
1226 730 1284 788 buc
1303 729 1391 803 lacit,
1412 731 1495 806 quod
1517 731 1590 794 sex.
1612 735 1675 794 Au-

344 843 443 900 lieuus
465 837 508 914 (n.
525 834 558 909 l)
581 843 704 892 vocatur
720 833 885 908 praefectus
906 840 1064 890 catomum
1084 830 1271 906 Imperatoris
1287 830 1421 890 Caesarie
1442 831 1569 910 Augusti
1589 845 1615 894 st
1631 835 1675 894 Ti.

349 942 485 1001 Ousscrts
509 935 650 1012 Augustic
674 932 766 1010 legati
793 931 872 991 enim
901 932 1075 1006 provinciae
1103 938 1133 989 et
1158 930 1303 1007 legionis,
1330 941 1542 1008 procuratores
1563 935 1675 1012 aliique

345 1041 539 1118 magistratus
565 1036 604 1095 ab
625 1035 808 1110 Imperatore
833 1033 927 1092 creati
953 1033 1041 1108 eique
1062 1032 1122 1109 ipsi
1144 1031 1257 1091 subditi
1278 1032 1358 1091 haud
1379 1051 1448 1092 raro
1469 1045 1614 1094 uocantur
1635 1037 1674 1095 lc·

344 1145 419 1219 pati,
443 1147 648 1215 procuratores
674 1145 722 1194 cet.
744 1133 931 1208 Imperatoris
952 1133 1048 1192 iltius:
1076 1132 1128 1192 rix
1149 1141 1247 1192 autem
1269 1151 1401 1210 unquam
1422 1134 1480 1194 hoc
1501 1137 1591 1195 modo
1613 1137 1674 1196 lm·

344 1241 493 1320 peratorls
514 1254 623 1296 nomen
644 1234 806 1294 tribunatui
829 1234 971 1307 militnm,
998 1232 1204 1310 praefecturae
1226 1233 1359 1293 cohortis
1382 1235 1500 1308 alaeve,
1525 1237 1674 1295 centurio·

345 1342 466 1402 natibus
486 1337 659 1398 adiunctum
680 1334 822 1412 rqeries.
864 1333 913 1393 Ne
933 1351 1005 1393 vero
1027 1334 1101 1392 milri
1121 1351 1269 1409 opponas,
1290 1335 1374 1410 quod
1388 1333 1566 1396 Caetronius
1587 1337 1674 1396 Pisa·

345 1461 419 1514 nus,
446 1440 657 1499 Africanorum
683 1446 851 1495 castrorum
876 1435 1061 1513 praelectus,
1087 1435 1173 1494 iussu
1197 1434 1288 1510 legati
1309 1436 1437 1512 legionis
1455 1436 1566 1496 Valerii
1588 1437 1673 1497 Festi

345 1546 376 1604 in
390 1541 510 1602 vincula
530 1539 675 1598 conicitur
696 1535 740 1612 (n.
756 1535 824 1611 20)=
847 1545 877 1595 et
897 1536 1029 1613 legatum
1051 1535 1178 1610 legionis
1192 1534 1242 1593 111
1257 1536 1416 1612 Augustae
1437 1537 1527 1596 simul
1541 1537 1673 1616 legatum

345 1643 517 1720 provinciae
537 1639 632 1697 fuisse
646 1635 807 1696 Numidiae
827 1654 905 1711 quae
926 1643 1031 1712 postea
1052 1636 1133 1694 dicta
1152 1644 1209 1706 est,
1231 1642 1359 1709 constat,
1380 1655 1436 1696 nec
1456 1637 1605 1699 eiusmodi
1621 1658 1674 1698 ex·

345 1744 506 1822 plicatione
527 1739 576 1799 hic
596 1754 731 1814 egemus:
760 1738 865 1797 eodem
886 1738 966 1796 enim
987 1743 1155 1814 praetextu,
1176 1753 1236 1812 quo
1258 1735 1401 1796 Pisanum
1424 1739 1540 1813 vinciri,
1563 1739 1673 1798 Festus

344 1845 488 1904 Pisonem
506 1842 626 1902 Africae
647 1838 858 1918 proconsulem
879 1836 1006 1897 interfici
1027 1836 1127 1909 iussit,
1148 1837 1201 1913 qui
1222 1837 1441 1914 proculdubio
1462 1839 1525 1898 eius
1546 1839 1673 1917 imperio

345 1945 482 2004 subditus
503 1961 562 2000 non
584 1951 656 2001 erat.

427 2044 559 2104 Absente
584 2048 682 2102 autern
709 2041 810 2117 legato
832 2039 1008 2116 plerumque
1029 2037 1111 2097 vices
1133 2037 1199 2098 eius
1220 2037 1391 2116 suscepisse
1413 2039 1540 2100 uidetur.
1582 2040 1673 2100 Taci-

344 2155 393 2205 tus
414 2144 493 2204 enim
514 2149 616 2202 namet
638 2142 680 2218 (n.
700 2141 753 2217 15)
774 2139 918 2199 Poenium
934 2138 1111 2198 Postumum
1132 2139 1316 2214 preelectum
1337 2147 1504 2200 castrorum
1526 2141 1674 2200 secundae

343 2245 472 2322 legionis
502 2243 583 2302 bello
615 2241 805 2312 Britannico,
837 2239 965 2316 cognitis
996 2239 1335 2315 quartadecumanorum
1366 2241 1673 2318 vicesimanorumque

343 2337 498 2423 prosperis
519 2344 624 2413 rebus,
649 2341 720 2419 quia
740 2341 806 2417 pari
827 2339 924 2416 gloria
942 2339 1091 2415 legionem
1119 2355 1206 2398 suam
1232 2339 1435 2400 fraudarisset
1459 2342 1673 2419 abnuissetque

344 2453 451 2504 contra
469 2443 559 2503 ritum
580 2441 703 2500 militiae
725 2442 808 2502 iussa
828 2439 913 2500 ducis
936 2437 1072 2500 Suetonii
1093 2439 1224 2512 Paulini,
1248 2440 1339 2519 legati
1360 2442 1532 2519 provinciae
1553 2441 1673 2502 Britan-

344 2546 426 2618 niae,
452 2543 552 2620 ipsum
579 2560 613 2601 ss
637 2541 738 2620 gladio
764 2540 958 2619 transegisse.
1001 2538 1129 2599 Videtur
1155 2540 1248 2619 igitur
1270 2542 1352 2620 legio
1373 2544 1505 2602 secunda
1524 2543 1577 2603 illo
1598 2553 1672 2602 tem-

344 2663 417 2722 pore
441 2644 571 2720 legatum
598 2660 658 2702 non
683 2641 839 2701 habuisses
866 2658 955 2717 quem
977 2641 1003 2700 si
1025 2639 1193 2714 habuisset,
1220 2641 1248 2701 ei
1270 2641 1433 2702 Suetonius
1454 2645 1602 2721 imperare
1623 2646 1673 2704 de·

343 2746 447 2818 bebat,
475 2753 510 2803 ιιι
535 2743 683 2821 legionem
712 2742 874 2802 adduceret
898 2743 1022 2818 eiusque
1050 2747 1116 2802 erut
1140 2741 1189 2800 rel
1215 2742 1337 2803 obedire
1364 2744 1413 2803 rel
1441 2746 1583 2805 abnuere:
1612 2746 1671 2805 iam

345 2866 412 2906 cnm
437 2843 587 2920 praelecto
613 2849 780 2902 castrorum
805 2843 931 2919 imperet
952 2843 1038 2918 isque
1059 2842 1203 2902 detrectet
1223 2843 1322 2917 iussa,
1348 2844 1419 2903 inde
1439 2864 1507 2904 enm
1528 2847 1673 2906 rimrtm

344 2946 435 3023 legati
455 2945 550 3004 luisse
571 2951 705 3020 apparet
748 2943 825 3002 Item
845 2941 925 3002 bello
939 2941 1102 3001 Vitelliano
1124 2943 1269 3003 seditione
1291 2944 1323 3004 in
1344 2946 1453 3004 castris
1474 2955 1580 3005 exorta
1603 2965 1671 3006 curu

344 3046 459 3106 Valens
487 3045 606 3121 legatus
634 3043 737 3103 aemili
765 3050 849 3102 veste
877 3040 957 3118 apud
984 3040 1176 3102 decurionem
1203 3044 1333 3121 equitem
1364 3044 1471 3117 lateat,
1503 3047 1672 3124 praelectus

344 3157 511 3206 castrorum
534 3162 682 3204 summum
704 3151 785 3204 tonet
805 3142 961 3220 imperium
984 3141 1027 3218 (n.
1041 3143 1104 3219 17).
1135 3144 1277 3220 Denique
1297 3145 1329 3202 in
1343 3145 1485 3224 Aegypto
1505 3147 1672 3223 praefectos

344 3256 509 3308 castrorum
531 3245 697 3321 legatorum
718 3245 818 3304 locum
841 3243 1006 3302 obtinuisse
1027 3261 1122 3322 supra
1142 3244 1421 3305 demonstravimus.

427 3345 625 3407 Centuriones
652 3345 821 3421 militesque
842 3344 964 3403 obedire
984 3343 1076 3402 iussis
1098 3344 1241 3419 praelecti
1262 3355 1429 3406 castrorum
1450 3345 1605 3420 debuisse,
1632 3368 1671 3408 ex

343 3448 523 3510 testimoniis
556 3464 649 3522 supra
677 3446 781 3506 relatis
814 3451 947 3515 constet3
983 3445 1121 3503 tribunos
1154 3446 1197 3518 ei,
1230 3446 1281 3504 nbi
1312 3447 1442 3508 vicarius
1473 3447 1564 3526 legati
1595 3459 1671 3521 erat,

343 3549 481 3626 paruisse
511 3547 702 3606 manifestum
734 3555 795 3618 est;
827 3563 1043 3622 usquequaque
1074 3563 1144 3604 num
1176 3563 1282 3624 parere
1314 3563 1367 3608 eos
1399 3549 1579 3625 oportuerit,
1611 3568 1671 3608 non

342 3649 482 3708 diiudico.

426 3747 597 3808 Officialem
618 3747 710 3806 habet
730 3745 960 3805 cornicularium
983 3745 1026 3822 (n.
1042 3745 1093 3804 47.
1108 3744 1173 3823 ts).

424 3847 532 3906 Restat
557 3853 591 3904 ut
611 3855 779 3921 quaeratur,
805 3863 882 3922 quae
902 3847 969 3905 eius
989 3845 1100 3906 luerint
1119 3865 1242 3908 munera
1263 3847 1430 3925 ciliciaque.
1473 3850 1521 3908 Ac
1541 3850 1669 3926 primum

308 4007 311 4014 ,
342 3947 460 4025 quidem
482 3946 602 4022 vigilias
627 3955 657 4005 et
677 3947 824 4006 stationes
844 3946 990 4023 disponit,
1016 3955 1050 4007 nt
1071 3947 1219 4006 obeantur
1239 3966 1258 4006 a
1279 3949 1502 4010 centurionibus
1523 3953 1670 4028 providet,

343 4049 432 4124 signa
456 4047 528 4106 tuba
548 4046 612 4105 deri
632 4047 730 4118 iubet,
757 4046 866 4123 quibus
889 4047 975 4106 miles
997 4047 1036 4106 ud
1055 4047 1141 4107 varia
1162 4048 1265 4108 munia
1285 4049 1424 4110 facienda
1443 4052 1538 4110 cietur
1558 4050 1602 4127 (n.
1620 4054 1668 4114 17.

341 4148 407 4223 tc).
450 4147 498 4206 Ad
526 4147 708 4223 praelectum
735 4156 893 4206 castrorum
916 4151 1037 4224 positio,
1064 4148 1138 4207 colli
1162 4150 1303 4223 etsosscs
1323 4154 1481 4210 aestimatio
1497 4154 1668 4228 pertinebat.

345 4246 540 4306 Tubcmccrtlu
570 4247 616 4307 uel
646 4265 729 4307 casua
754 4250 877 4307 militum
901 4267 963 4308 cum
990 4251 1194 4327 immutemus
1218 4250 1347 4310 omuibus
1371 4261 1441 4310 sula
1466 4255 1560 4328 ipsius
1585 4271 1668 4313 curc-

418 4531 441 4596 ¹)
468 4534 598 4586 Lucienus
615 4531 664 4591 rriic
683 4530 725 4584 brt
741 4531 792 4586 ier.
813 4550 900 4603 royyp.
916 4535 958 4597 21,
973 4535 1009 4586 30
1027 4541 1162 4601 postquam
1180 4537 1332 4601 perstrinxit
1350 4551 1404 4601 eos,
1424 4539 1468 4604 qui
1486 4539 1594 4604 poeticis
1612 4553 1668 4590 rer·

341 4623 381 4674 bis
399 4630 506 4674 utuntur
524 4625 551 4675 in
569 4623 677 4676 historia
695 4627 844 4689 scribenda,
866 4627 926 4676 illos
945 4639 1047 4690 quoqne
1064 4627 1205 4692 vituperat,
1225 4629 1269 4692 qui
1288 4629 1420 4680 vocabulis
1438 4630 1550 4680 exilibus
1568 4637 1594 4680 et
1612 4631 1667 4680 rul-

339 4713 443 4778 garibus
461 4729 576 4782 quaeque
594 4731 609 4766 o
627 4717 804 4768 mendicorum
822 4715 1006 4768 consuetudine
1024 4715 1117 4767 hausta
1135 4725 1209 4782 putea
1227 4733 1281 4769 non
1298 4719 1451 4782 abstineant,
1471 4721 1669 4787 exemplumque

340 4806 466 4856 eiusmodi
485 4809 610 4858 sermonis
628 4807 793 4874 improbandi
811 4807 894 4858 adfert
908 4807 1000 4857 rerbar
1020 4803 1163 4856 ιπιστιιλιν
1183 4799 1197 4858 c‘
1215 4799 1440 4882 rrpasamicipxqc
1451 4809 1487 4875 τῷ·
1503 4805 1585 4881 κυρίῳ.
1617 4811 1669 4862 Ubi

340 4910 391 4959 quo
415 4897 577 4960 potissimum
596 4899 622 4949 ln
641 4899 721 4949 verbo
739 4899 850 4964 positum
870 4899 904 4948 sit
922 4898 1026 4962 vulgare
1044 4898 1122 4960 illud,
1148 4900 1256 4950 multum
1274 4901 1409 4967 litigarunt
1427 4903 1476 4952 riri
1496 4903 1578 4953 docti:
1603 4902 1667 4952 mibi

338 4985 467 5037 Lucienus
485 4989 630 5055 vituperare
648 4990 764 5052 ridetur,
788 4990 858 5054 quod
881 5004 929 5054 pro
954 4977 1092 5056 στρατηγοὶ
1109 4990 1150 5040 rel
1170 4982 1344 5060 rrparqlcirqc
1365 4992 1462 5043 dictum
1481 4995 1515 5043 sit
1532 5009 1668 5060 στρατοπ-

340 5064 451 5148 διῖρχηι,
476 5093 524 5144 pro
546 5069 701 5149 sdrrrpcircp
719 5079 761 5129 rel
779 5077 882 5145 Καισαρ
902 5080 1052 5131 vocabulum
1072 5081 1152 5131 serris
1171 5089 1270 5134 tantum
1290 5085 1446 5135 conveniens
1464 5072 1554 5153 ιιῦριος.
1591 5083 1668 5136 cem

338 5158 563 5240 στρατιιιιδιῖρχης
580 5165 631 5221 hoc
648 5173 707 5222 loco
725 5185 778 5221 non
797 5178 836 5222 est
853 5171 996 5236 praelectas
1015 5177 1164 5225 castrorum.
