3736 5822
345 522 390 594 16
868 531 1143 589 inoffensarn
1575 543 1671 595 arar

341 627 1670 652 Μ--ώ--Ή

341 715 451 784 missa,
478 711 555 769 alios
582 711 621 768 ad
648 709 807 768 editionem
829 708 967 768 Henzeni
988 711 1120 768 maxime
1143 727 1216 768 cura
1236 716 1371 785 paratam
1393 710 1424 768 in
1446 711 1522 771 actis
1543 712 1672 772 instituti

342 813 561 889 archaeologioi
582 832 636 890 per
657 813 713 871 hoe
736 827 831 869 annos
846 811 943 894 editis,
966 811 1125 886 plerosque
1143 817 1243 868 autem
1265 809 1393 885 (scilicet
1407 820 1556 888 quotquot
1570 823 1672 873 carent

341 915 500 990 asterisco)
524 915 561 972 ab
578 913 688 972 Adolfo
704 912 966 990 Trendelenburg,
989 913 1040 988 qui
1062 929 1080 969 1
1101 911 1189 970 nobis
1210 921 1333 988 rogatus
1355 912 1394 971 ob
1411 931 1477 972 eam
1492 934 1554 972 rem
1569 933 1671 974 mense

342 1015 466 1076 Octobri
487 1033 515 1073 1.
530 1015 606 1074 1871
625 1015 788 1073 Praeneste
810 1013 893 1086 adiit,
915 1013 1143 1090 diligentissime
1166 1013 1333 1090 recognitos
1348 1014 1396 1072 rel
1412 1013 1501 1073 etism
1516 1035 1596 1074 nunc
1609 1017 1671 1092 pri·

340 1137 422 1178 mum
444 1117 619 1193 descriptos.
653 1114 778 1187 Locum,
801 1134 889 1191 quem
912 1115 943 1172 in
963 1115 1061 1192 pineis
1083 1115 1239 1190 inscriptio
1254 1124 1388 1191 occupat,
1410 1115 1449 1173 ud
1463 1117 1527 1176 eius
1541 1117 1671 1176 maxime

341 1219 549 1277 adnotationes
566 1216 763 1274 indicavimus
778 1216 908 1291 itemque
922 1216 1049 1274 formam
1064 1216 1228 1274 litterarum
1244 1215 1282 1273 ad
1304 1217 1368 1274 eius
1391 1217 1531 1292 exempla
1552 1218 1670 1292 potissi·

341 1338 422 1379 mum
448 1317 660 1394 expressimus.
704 1316 822 1374 Monuit
848 1317 925 1374 idem
949 1316 1065 1375 litterae
1087 1335 1106 1373 1
1127 1317 1237 1392 figuras
1259 1317 1285 1374 ll
1307 1316 1337 1374 Α
1360 1317 1402 1388 Α,
1429 1317 1500 1376 item
1520 1318 1637 1376 litterae
1661 1319 1672 1376 1

344 1422 359 1478 1
380 1419 439 1480 tt
461 1419 481 1478 l.
504 1420 547 1476 ita
567 1418 661 1493 pingi,
683 1426 715 1474 ut
736 1418 883 1492 scriptura
904 1417 942 1475 ab
964 1417 1025 1476 alia
1045 1417 1081 1474 ad
1104 1417 1194 1475 aliam
1215 1436 1270 1493 per
1290 1416 1401 1493 gradrm
1424 1418 1552 1477 declinet
1573 1420 1670 1498 magis

340 1540 430 1598 quam
452 1529 533 1579 certa
554 1520 670 1577 ratione
691 1536 743 1577 eas
759 1517 933 1594 distinguat.
969 1516 1103 1575 Litterae
1119 1518 1273 1576 aformam
1287 1519 1461 1595 angularem
1477 1527 1587 1578 certam
1604 1537 1671 1578 esse

340 1623 367 1696 l,
386 1620 443 1680 158
466 1619 532 1696 (ubi
554 1629 698 1682 <·vsoro
719 1619 792 1695 legit
807 1617 1109 1696 Trendelenburgius,
1131 1637 1198 1676 cum
1214 1635 1251 1690 Q·
1267 1637 1322 1694 pro
1337 1635 1368 1678 c·
1390 1619 1433 1679 ibi
1447 1620 1575 1679 viderint
1588 1621 1672 1680 Hen-

340 1739 431 1781 aenus
445 1719 714 1795 Ritsoheliusque),
736 1719 803 1796 eph.
820 1719 869 1778 55.
887 1721 955 1778 111.
989 1719 1193 1778 Mommsenus
1207 1719 1223 1776 Ι
1235 1739 1265 1797 p.
1279 1720 1339 1778 554
1355 1719 1469 1792 statuit,
1483 1739 1551 1779 cum
1566 1721 1670 1779 titulos

340 1824 406 1900 ipse
429 1822 556 1881 vidisset
576 1820 614 1878 ad
636 1820 844 1896 quadraginta,
865 1820 1034 1900 remotioris
1056 1821 1163 1879 aetatis
1186 1820 1396 1897 inscriptiones
1418 1839 1487 1880 esse
1509 1839 1571 1892 eas,
1594 1841 1671 1898 quae

340 1924 372 1982 in
395 1923 516 1982 basibus
537 1921 675 1981 rotundis
696 1921 852 1998 pinearum
875 1921 964 1978 modo
986 1922 1018 1979 iu
1039 1921 1173 1997 margine
1193 1921 1256 1978 sive
1272 1923 1426 1998 superiore
1441 1923 1505 1981 sive
1520 1921 1670 1994 inferiore,

340 2024 430 2084 modo
450 2025 482 2082 in
503 2024 568 2082 basi
590 2022 689 2080 media
709 2023 897 2099 conscriptae
919 2022 993 2094 sint,
1020 2039 1129 2097 easque
1151 2020 1245 2080 videri
1266 2021 1438 2081 tribuendas
1460 2039 1529 2081 esse
1551 2023 1670 2080 saeculo

339 2127 445 2203 quinto
466 2133 601 2196 sextove,
621 2124 750 2182 sortasse
772 2123 861 2180 etiam
884 2123 1003 2200 septimi
1024 2123 1120 2193 initio,
1142 2129 1246 2181 contra
1265 2123 1446 2182 recentiores
1468 2139 1536 2181 esse
1556 2122 1671 2195 titulos,

340 2229 392 2304 qui
412 2227 461 2286 vel
486 2226 518 2283 iu
543 2226 640 2303 pineis
666 2225 739 2301 ipsis
761 2223 809 2281 vel
830 2225 861 2280 in
881 2223 1008 2282 basibus
1030 2223 1184 2297 quadratis
1206 2223 1312 2300 pineae
1334 2222 1498 2300 suppositis
1521 2223 1670 2300 leguntur,

340 2345 393 2387 eas
419 2326 497 2385 enim
524 2323 705 2382 descendere
726 2341 822 2398 usque
842 2322 881 2380 ad
901 2330 1082 2399 postremam
1103 2323 1289 2400 reipublicae
1309 2323 1422 2381 liberae
1443 2332 1580 2382 11111111.
1624 2323 1671 2382 Ea

340 2427 450 2487 divisio
471 2443 539 2484 curn
559 2433 630 2502 post
651 2423 755 2482 titulos
777 2432 885 2498 postea
899 2423 932 2481 in
946 2423 1041 2482 lucem
1057 2423 1193 2498 prolatos
1208 2424 1335 2500 repetito
1350 2425 1481 2482 examini
1496 2425 1672 2485 subicienda

341 2529 394 2601 sit,
420 2527 502 2604 quod
527 2545 566 2585 ex
591 2533 677 2601 perte
703 2524 832 2598 praeivit
851 2523 1013 2583 Henzenus
1034 2523 1116 2582 Ball.
1142 2523 1220 2583 1868
1242 2544 1271 2602 p.
1291 2525 1364 2596 134,
1389 2544 1445 2584 nos
1474 2545 1564 2602 quarn
1585 2544 1670 2585 accu-

340 2627 490 2688 ratissime
516 2626 684 2703 potuimus,
713 2643 801 2700 quem
831 2625 954 2702 quaevis
981 2625 1136 2702 inscriptio
1164 2625 1263 2684 locum
1291 2633 1431 2702 occupet,
1459 2627 1668 2688 indicavimus.

340 2729 490 2789 Addimus
507 2727 669 2788 secundum
685 2726 894 2787 adnotationes
909 2725 1166 2802 Trendelenburgi
1188 2727 1247 2804 legi
1269 2726 1295 2798 I,
1311 2727 1360 2786 86.
1378 2727 1447 2787 118.
1464 2727 1522 2786 180
1545 2729 1577 2788 in
1592 2749 1669 2788 mar·

339 2831 409 2910 gine
436 2829 590 2907 superiore
615 2829 698 2887 basis
719 2829 866 2887 rotundae
888 2829 1010 2904 pineae3
1035 2829 1066 2900 I,
1087 2827 1136 2886 91.
1160 2827 1209 2887 95.
1232 2826 1291 2886 158
1319 2829 1351 2886 in
1372 2829 1505 2907 margine
1526 2830 1669 2889 inferiore

339 2933 423 2991 basis
443 2930 589 2990 rotundae
609 2927 729 3006 pineac;
752 2928 842 3001 Ι,98.
861 2928 928 2988 181.
949 2928 1094 3010 184143
1117 2928 1148 2988 in
1169 2929 1237 2988 basi
1258 2930 1405 2989 rotundae
1425 2931 1546 3008 pineae3
1568 2930 1668 3004 1,136

340 3033 372 3091 in
393 3033 460 3092 basi
481 3039 644 3108 protomae.

342 3233 386 3294 85
413 3234 445 3292 in
470 3234 538 3293 basi
563 3233 710 3310 quadrata
735 3234 851 3310 pineae.
900 3233 1065 3292 Praeneste
1091 3233 1122 3291 in
1151 3234 1238 3292 vinea
1255 3231 1413 3324 ,Galeassi
1462 3233 1563 3294 Hodie
1589 3234 1668 3312 apud

382 3334 580 3395 Bonanuium.

878 3431 905 3475 16
919 3446 927 3462 ·
941 3433 1029 3478 actm
1045 3446 1052 3462 ·
1067 3433 1086 3478 C
1101 3447 1108 3462 ·
1124 3433 1140 3476 P

341 3572 517 3633 Bonanuius
537 3572 618 3631 Ball.
643 3571 724 3631 1870
745 3591 774 3649 p.
793 3573 862 3634 106.

383 3672 430 3733 ct
453 3673 478 3743 Ι,
495 3674 533 3732 83
560 3674 590 3733 C.
613 3674 705 3749 Aquti
729 3673 758 3732 C.
774 3677 802 3748 s.
826 3682 856 3732 et
877 3673 997 3732 titulum
1019 3684 1201 3749 sequentem.

341 3877 388 3937 80
415 3878 446 3936 in
474 3877 539 3936 basi
565 3875 712 3951 quadrata
738 3879 853 3952 pineae.
897 3876 1061 3935 Praeneste
1085 3878 1115 3934 in
1141 3876 1234 3934 fundo
1254 3876 1334 3935 dicto
1357 3877 1387 3935 11
1412 3877 1584 3938 0111111111
1604 3900 1667 3957 rep.

381 3997 421 4036 m.
445 3975 528 4054 Sept.
550 3995 577 4034 a.
596 3973 685 4035 1868.

847 4073 901 4116 sex
916 4087 922 4102 ·
939 4073 1052 4116 arttrvs
1068 4088 1076 4103 ·
1090 4076 1109 4118 τ
1125 4075 1163 4116 ·r
1238 4061 1260 4108 b

339 4213 501 4273 Hennenus
525 4211 564 4272 ad
591 4220 730 4289 ectypurn
756 4211 882 4271 missurn
908 4231 927 4271 1
951 4212 1095 4272 canonico
1121 4213 1316 4274 Praenestino
1342 4214 1382 4274 D.
1403 4213 1566 4274 Bonanuio
1583 4215 1679 4276 Buta·

343 4313 421 4373 1869
443 4333 474 4391 p.
491 4313 558 4372 165.

341 4518 388 4579 at
417 4520 448 4578 in
473 4519 541 4581 basi
569 4520 699 4579 rotunda
728 4521 843 4597 pineae.
887 4521 1053 4581 Praeneste
1078 4523 1110 4582 in
1135 4521 1229 4580 londo
1250 4521 1330 4582 dicto
1357 4524 1388 4584 11
1412 4525 1583 4585 Calamidis
1604 4543 1666 4602 rep.

382 4640 421 4682 nr.
444 4618 527 4698 Sept.
549 4639 576 4680 a.
595 4619 684 4681 1868.
726 4619 826 4681 Hodie
849 4622 928 4701 apud
949 4621 1148 4682 Bonanuium.

934 4800 947 4841 lr
962 4812 969 4828 ·
984 4799 1081 4844 aevu

341 4939 392 5004 Sic
412 4940 706 5021 Treudelenburgius
734 4951 765 5003 et
791 4952 930 5023 ectypurn
957 4943 1103 5005 Henzeno
1133 4946 1259 5006 missum
1288 4965 1306 5005 1
1330 4946 1371 5006 D.
1397 4945 1555 5005 Bonannio
1582 4945 1667 5005 Ball.

343 5042 422 5102 1869
444 5043 557 5121 p.165.

382 5141 419 5202 In
440 5143 487 5204 ecl.
509 5161 609 5205 errore
629 5144 739 5222 legitur
761 5161 930 5207 a·acvr1·
946 5168 966 5207 Α
981 5178 988 5193 ·
1003 5165 1028 5208 r.
