3742 5826
632 640 1091 754 ADDITAMENTA

504 822 579 904 An
614 821 873 909 corrosus
904 823 1161 910 vorvuun
1189 825 1218 906 1.

759 975 964 986 ——nunnu

194 1059 285 1122 losa
306 1063 382 1122 cista
404 1079 492 1120 aerea
513 1063 588 1122 artis
609 1063 739 1124 rudioris
760 1084 857 1142 nuper
875 1066 1041 1125 Praeneste
1061 1075 1189 1142 reperta,
1211 1083 1289 1141 quae
1310 1082 1389 1126 nuno
1409 1071 1528 1142 prostat

236 1163 351 1224 Romae
373 1161 453 1242 apud
474 1165 646 1241 Augustum
669 1162 896 1226 castellaniam.

592 1267 675 1360 (vide
697 1283 831 1346 tabulam
854 1305 871 1344 e
891 1285 1013 1363 regione
1034 1304 1063 1344 u.
1081 1284 1124 1361 9.)

194 1398 262 1461 Stat
287 1401 377 1459 homo
404 1400 547 1461 loricatus
573 1410 603 1460 et
630 1403 942 1480 barbatus(ac1tas),
971 1405 1055 1464 cuius
1083 1405 1191 1464 dextra
1217 1422 1326 1481 equum
1347 1403 1414 1463 loro
1435 1411 1525 1474 tenet,

194 1501 320 1561 sinistra
345 1503 434 1560 hasta
458 1502 604 1562 innititur.
646 1505 697 1563 Ad
723 1525 790 1564 eum
817 1506 933 1565 aceedit
956 1506 1133 1565 adulescens
1155 1511 1373 1582 campestratus
1394 1503 1525 1580 (simos),

193 1601 302 1661 dextra
329 1612 468 1680 porrecta
495 1611 649 1681 tamquam
677 1605 792 1681 aliquid
820 1625 886 1666 cnm
914 1626 949 1666 eo
976 1607 1261 1677 communicaturus3
1293 1605 1419 1664 sinistra
1445 1612 1527 1665 tenet

192 1703 322 1775 hastam,
345 1704 436 1764 dorso
456 1714 556 1783 gestat
576 1725 689 1783 peram,
712 1724 751 1766 ex
773 1725 832 1784 qua
847 1707 946 1766 avium
962 1706 1130 1784 (anatuml)
1145 1707 1245 1784 capita
1258 1713 1389 1766 exstant
1423 1705 1525 1784 Prope

195 1813 243 1864 est
264 1805 439 1864 adulescens
462 1805 620 1882 (oassrsl)
642 1808 771 1868 adversa
790 1807 877 1880 iacis,
898 1827 917 1867 a
937 1809 1022 1868 cuius
1037 1807 1148 1867 umeris
1162 1815 1192 1866 et
1205 1815 1329 1884 petasus
1345 1815 1375 1866 et
1389 1805 1525 1883 chlamys
1591 1814 1598 1828 ²

192 1904 316 1980 pendet3
338 1905 447 1966 dextra
466 1906 554 1966 hasta
574 1909 721 1967 innititur.
757 1909 808 1966 Ab
828 1909 867 1970 iis
889 1927 965 1986 quoe
987 1909 1053 1968 dixi
1074 1925 1199 1967 aversus
1221 1916 1281 1966 stat
1303 1924 1398 1966 senex
1419 1905 1524 1965 calvus

192 2004 354 2080 (romuavs
370 2031 407 2058 =
423 2008 630 2085 Tyndareus),
652 2018 770 2085 sceptro
785 2009 919 2083 innixus,
935 2010 1043 2070 dextra
1055 2015 1193 2086 porrecta
1207 2007 1244 2068 ad
1259 2007 1416 2067 mulierem
1431 2005 1524 2083 pallio

193 2107 333 2167 amictam
355 2127 433 2185 quae
454 2127 548 2186 prope
571 2117 632 2168 stat
652 2129 768 2171 aversa.
805 2109 902 2170 Cuius
922 2129 1031 2170 nomen
1052 2109 1118 2169 fieri
1138 2115 1239 2187 potest
1256 2114 1289 2168 ut
1302 2107 1434 2186 perierit,
1456 2125 1524 2166 cum

192 2224 255 2266 ass.
271 2225 306 2266 eo
331 2208 400 2268 loco
421 2212 612 2271 vehementer
633 2211 673 2270 sit
694 2229 856 2271 corrosum.
900 2211 952 2269 Ad
973 2210 1167 2288 Tyndareum
1189 2218 1290 2270 autem
1311 2209 1411 2270 assilit
1430 2208 1522 2267 cauis.

193 2303 336 2384 Sequitur
357 2310 447 2370 homo
469 2311 611 2371 loricatus
633 2331 741 2390 equum
764 2313 829 2371 loro
850 2320 965 2372 tenens.
1002 2312 1163 2387 Adscripta
1176 2329 1245 2372 cum
1258 2309 1319 2370 sint
1334 2323 1524 2379 sscmvcvs,

192 2419 303 2469 camum
331 2421 379 2470 est
403 2425 468 2471 sacr
489 2413 638 2490 pertinere
660 2413 697 2472 ad
720 2416 897 2486 hominem,
911 2427 1008 2474 tvcvs
1031 2414 1070 2471 ad
1092 2430 1212 2489 equum.
1254 2409 1433 2471 Postremae
1455 2421 1524 2469 sunt

191 2509 268 2570 duae
289 2512 430 2572 mulieres
452 2513 550 2573 nudae
572 2514 723 2590 (crarsrrn
743 2523 775 2574 et
796 2513 915 2591 laeana)
938 2513 1019 2574 eirca
1039 2514 1165 2574 labrum.

232 2611 299 2670 Iam
328 2631 394 2673 eum
422 2615 530 2674 cistam
556 2632 755 2691 proponerem
782 2615 813 2676 iu
842 2632 987 2676 consessu
1014 2615 1147 2674 Instituti
1176 2613 1396 2692 archaeologici
1425 2612 1522 2689 (Ball.

191 2712 258 2774 dell'
281 2713 353 2774 Inet.
379 2714 459 2774 1872
481 2735 511 2793 p.
530 2715 619 2792 107),
645 2716 737 2776 statui
763 2735 831 2776 sum
857 2716 910 2794 qui
935 2717 1042 2775 cistam
1067 2715 1187 2776 fecisset
1208 2715 1240 2774 iu
1260 2713 1372 2774 fabulis
1394 2710 1523 2772 Graecis

190 2832 250 2873 non
271 2811 366 2874 inisse
387 2824 548 2888 versatum,
571 2815 625 2875 sed
646 2817 800 2894 expressis
822 2818 969 2895 exemplis
991 2817 1066 2878 artis
1081 2815 1216 2878 Graecae
1233 2814 1386 2876 nonnullis
1402 2814 1524 2873 nomina

189 2915 388 2991 adscripsisse
409 2916 447 2975 ad
468 2917 634 2978 arbitrium.

188 3084 276 3148 1681
298 3089 452 3166 speculum
474 3100 625 3168 repertum
647 3093 822 3166 Praeneste,
842 3103 926 3154 extat
946 3095 1063 3154 Romae
1085 3090 1166 3171 apud
1185 3090 1412 3152 Martiuettium.

805 3230 907 3272 imberbis
922 3230 1004 3270 lamia

795 3314 855 3354 caua
865 3311 899 3354 ad
911 3316 1014 3353 mierum

812 3395 881 3436 sirlds
895 3403 999 3446 cupresso

856 3493 954 3536 sus÷1o

1426 3261 1455 3345 ε’*

1148 3448 1298 3499 paellcatasa
1424 3405 1446 3514 Ξ

1108 3529 1186 3571 deutra
1199 3523 1339 3570 camerani
1424 3515 1453 3551 0«

284 3613 307 3654 in
320 3624 371 3666 ιη.
503 3601 580 3650 nemu
594 3599 676 3640 ellim
804 3597 866 3638 calae
881 3597 906 3636 la
921 3595 1005 3647 gremio
1115 3611 1247 3662 mm
1260 3613 1333 3652 ,mu
1419 3579 1444 3630 ’ὃ

211 3659 218 3668 .
294 3687 372 3747 μή.
474 3681 551 3723 sceatta
564 3683 706 3733 stuperatem
794 3678 1015 3732 cameracensem
1094 3705 1145 3736 Ὗ
1158 3694 1223 3736 m,
1238 3693 1316 3745 dm*
1420 3674 1443 3766 Ξ

294 3779 351 3820 lueet
553 3769 626 3806 “W
809 3767 890 3804 ΜΨ
904 3761 998 3804 “mam
1111 3777 1202 3826 dentem
1214 3779 1333 3829 praetore
1421 3773 1443 3864 5

275 3861 374 3904 creec«
546 3862 630 3906 amru
858 3847 950 3904 casm
1062 3869 1113 3908 ,·
1192 3859 1253 3900 maa

627 3967 668 4024 ad
687 3965 762 4024 latus
781 3983 836 4042 per
857 3965 1074 4041 impendium:

368 4081 483 4126 cstsra·
502 4082 636 4138 voveram
651 4096 658 4111 ·
673 4082 748 4126 rara
764 4095 770 4108 ·
786 4081 863 4124 usr-
881 4082 970 4124 rvrio
985 4095 992 4110 ·
1008 4079 1095 4124 serlo
1110 4092 1117 4109 ·
1132 4076 1213 4121 aros
1229 4089 1236 4106 ·
1252 4077 1309 4120 aar
1326 4090 1332 4104 ·

186 4181 342 4262 Descripsi
362 4184 528 4263 diligenter,
550 4203 623 4246 mox
643 4184 805 4264 recognovi
826 4203 894 4244 cum
907 4185 1063 4244 Henzeno.
1099 4181 1230 4261 Figurae
1252 4179 1348 4240 adhuc
1365 4179 1460 4238 latent
1474 4195 1514 4236 ex

136 4306 140 4312 ⁴
183 4293 270 4362 parte
295 4287 351 4346 sub
377 4287 530 4366 aerugine.
573 4286 731 4347 Eiusmodi
756 4288 905 4363 picturam
926 4305 987 4346 nou
1007 4304 1047 4344 ex
1068 4283 1180 4343 fabulis
1202 4281 1373 4359 repetitam,
1401 4278 1455 4338 sed
1477 4276 1516 4334 ad

183 4386 281 4462 ipsam
300 4388 394 4446 vitam
415 4388 607 4447 domesticam
629 4387 834 4448 adumbratam
855 4388 887 4446 in
909 4379 1038 4463 speculis
1060 4384 1159 4443 adhuc
1181 4401 1242 4442 non
1262 4380 1458 4440 habebamus.
1474 4404 1513 4418 -·

183 4484 289 4545 Lectio
310 4495 393 4548 certa
413 4497 459 4550 est
480 4489 630 4562 universa,
651 4488 710 4549 nisi
732 4487 813 4565 quod
833 4489 866 4548 in
886 4485 1081 4564 inscriptione
1102 4483 1141 4550 ad
1157 4483 1236 4542 lutus
1252 4482 1353 4558 posita
1365 4476 1445 4536 tertii
1460 4491 1514 4532 vo·

183 4587 282 4648 cabuli
307 4590 437 4664 primum
461 4589 642 4649 elementum
663 4597 837 4648 antestat
858 4588 926 4646 dedi
948 4593 1001 4645 aut
1021 4585 1065 4644 aic
1086 4599 1115 4654 tr
1140 4582 1213 4642 item
1234 4580 1353 4657 septimi
1374 4571 1511 4636 vocabuli

183 4688 348 4750 secundum
369 4691 549 4750 elementum
572 4700 625 4748 ant
645 4705 665 4748 τ
687 4698 733 4749 est
754 4698 808 4749 aut
828 4705 847 4747 ι.

183 4859 270 4923 1680
295 4863 333 4922 In
359 4863 450 4936 cista,
472 4881 562 4941 quam
589 4881 682 4942 supra
703 4883 732 4942 p.
750 4862 789 4922 14
810 4860 905 4933 edidi,
931 4865 1037 4938 postea
1057 4857 1146 4919 etiam
1167 4857 1352 4934 adtigeram
1372 4851 1514 4913 Herculis

224 4981 332 5024 nomen
354 4965 538 5044 adscriptum
560 4966 618 5025 sub
639 4966 781 5042 aerugine
801 4962 915 5042 prodiit
935 4961 980 5022 sic
1000 4946 1144 5063 umtaslp.

267 5082 391 5145 Romae.
1265 5077 1312 5136 W.
1335 5075 1470 5136 lluumo.

647 5218 1054 5230 a———n-u———nu-——fl--o-——n-

1251 5251 1287 5309 11
