3742 5826
661 584 710 634 nn
730 582 875 637 rmvms
896 583 1051 636 srmors.
1448 565 1518 638 107

192 753 251 816 Sed
273 755 378 814 luerit:
400 762 432 814 at
451 772 519 814 eum
541 773 637 830 neque
658 753 844 833 provinciam
864 754 1092 814 administrasse
1113 773 1210 832 neque
1228 757 1386 832 quicquum
1401 755 1522 829 iecisse,

192 875 245 916 cnr
270 857 434 932 imperator
461 855 642 915 salutaretur
668 855 811 915 traditum
837 866 893 916 est
936 855 978 916 Et
998 874 1196 933 quamquam,
1223 865 1256 916 ut
1275 863 1323 918 est
1344 857 1426 918 illius
1447 867 1519 916 tem-

192 958 276 1034 poris
298 957 442 1017 memoria
462 956 580 1016 turbate
600 963 689 1033 atque
710 975 826 1029 manca,
849 957 969 1016 minime
989 957 1021 1015 in
1043 958 1217 1017 universum
1237 958 1380 1036 colligere
1401 959 1472 1018 licet
1489 958 1520 1018 id

192 1058 274 1134 quod
301 1075 449 1135 nusquam
476 1065 736 1131 commemoratur,
762 1077 822 1118 non
848 1059 960 1131 fuisse,
987 1058 1035 1118 hic
1061 1065 1162 1118 tamen
1186 1059 1345 1119 reseliter
1366 1059 1519 1119 sehabet.

193 1157 227 1219 Si
253 1159 332 1218 enim
360 1168 428 1218 sote
449 1156 554 1219 Sullae
575 1167 701 1219 mortem
723 1157 871 1219 Crassum
893 1159 970 1218 tituli
992 1160 1089 1219 nostri
1110 1177 1301 1236 quaeremus,
1328 1181 1366 1220 eo
1387 1169 1521 1237 tempore

194 1257 327 1320 Graecos
355 1259 502 1318 eiusmodi
526 1260 672 1319 honorum
693 1279 766 1339 erga
786 1260 939 1320 Romanos
962 1260 1083 1320 minime
1104 1261 1247 1338 prodigos
1265 1261 1360 1320 inisse
1381 1262 1522 1320 memine-

194 1362 287 1420 rimus
313 1378 437 1421 necesse
465 1367 520 1421 est.
564 1361 602 1420 ld
629 1362 707 1421 euim
735 1379 808 1421 casu
833 1361 945 1421 factum
970 1379 1059 1421 nemo
1079 1361 1210 1439 putnbit,
1237 1367 1271 1420 ut
1290 1363 1356 1421 eius
1378 1363 1521 1440 temporis

193 1461 270 1520 tituli
298 1460 451 1520 honorarii
476 1460 679 1522 Romanorum
704 1463 736 1522 in
763 1462 896 1524 Graecia
921 1463 998 1522 nulli
1025 1469 1218 1523 servarentur
1242 1462 1300 1523 nisi
1327 1481 1443 1534 eorum,
1470 1463 1522 1539 qni

193 1580 260 1621 cum
282 1563 406 1622 summis
428 1561 614 1622 Graecorum
635 1565 725 1624 rebus
746 1564 985 1625 coniunctissimi
1005 1572 1114 1636 essent,
1136 1563 1227 1624 veluti
1247 1565 1285 1623 T.
1308 1562 1430 1638 Quincti
1452 1564 1522 1623 Fla·

194 1663 314 1736 minini,
342 1662 379 1737 Q.
403 1663 518 1724 Caecili
543 1665 659 1724 Metelli
680 1665 879 1737 Macedonici,
904 1663 942 1724 L.
965 1665 1089 1725 Mummi
1109 1665 1252 1738 Achaici,
1280 1663 1522 1726 1111111111-

194 1761 310 1841 culli.¹)
353 1764 468 1840 Quodsi
495 1766 534 1824 ad
559 1774 677 1843 tempus
703 1764 858 1827 Ciceronis
884 1765 1108 1840 descendimus,
1136 1786 1173 1826 eo
1199 1775 1333 1844 tempore
1357 1775 1459 1846 partes
1479 1767 1521 1826 M.

194 1863 300 1926 Crassi
319 1867 351 1925 in
372 1868 462 1926 rebus
483 1867 613 1945 puhlicis
634 1886 688 1927 cae
709 1867 838 1941 inerunt,
859 1877 893 1927 ut
914 1867 967 1925 uix
986 1866 1151 1944 putandum
1174 1868 1229 1939 sit,
1251 1868 1382 1928 hominis
1403 1869 1431 1928 ci
1452 1885 1522 1946 cog·

195 1967 256 2025 nati
277 1968 449 2027 memorium
471 1969 561 2044 plane
581 1968 782 2040 intercidisse,
804 1987 984 2045 quamquam
1006 1968 1166 2044 proconsul
1188 1975 1219 2027 et
1232 1969 1394 2047 imperator
1407 1969 1522 2041 luisset,

193 2069 369 2144 praesertim
391 2089 457 2128 cum
479 2070 553 2129 satis
576 2069 671 2128 mults
690 2069 728 2127 de
749 2068 838 2128 huius
860 2068 1004 2147 temporis
1025 2069 1195 2130 hominihus
1217 2069 1368 2129 nobilibus
1389 2071 1421 2128 in
1436 2067 1522 2130 Cice-

195 2169 276 2228 ronis
298 2170 434 2246 epistolis
456 2179 485 2229 et
506 2171 578 2230 alibi
601 2180 722 2229 servata
742 2171 811 2230 sint.

279 2268 364 2344 Quae
393 2273 420 2330 si
440 2291 511 2331 vere
537 2271 688 2349 disputata
710 2280 794 2344 sunt,
819 2270 939 2344 titulus,
967 2270 1004 2328 de
1025 2289 1085 2348 quo
1106 2270 1238 2349 agimus,
1265 2271 1343 2330 inter
1362 2287 1458 2330 sonos
1481 2272 1521 2329 30

196 2391 223 2430 a.
245 2369 316 2431 Chr.
344 2381 375 2431 et
400 2371 438 2431 22
459 2392 489 2449 p.
510 2371 582 2433 Chr.
611 2372 797 2451 compositus
826 2372 866 2432 sit
894 2389 1018 2432 necesse
1046 2377 1102 2430 est.
1151 2371 1202 2430 Ex
1230 2372 1275 2431 eis
1304 2390 1375 2431 vero
1403 2371 1522 2431 duobus

196 2470 326 2544 Crassis,
348 2473 400 2549 qui
421 2473 452 2533 in
473 2474 530 2533 hoc
551 2482 669 2552 tempus
689 2473 834 2547 incidunt,
856 2491 1043 2550 quorumque
1061 2481 1186 2550 uterque
1200 2473 1321 2532 Murcus
1335 2472 1429 2532 Marci
1443 2472 1523 2533 iilius

195 2573 265 2646 luit,
293 2584 366 2633 nutu
390 2576 499 2648 minor,
524 2591 587 2635 eos.
613 2576 651 2634 14
669 2594 696 2634 a.
712 2573 785 2636 Chr.
808 2575 1034 2634 nominetenus
1056 2583 1146 2634 notus
1169 2584 1227 2633 est:
1256 2574 1373 2633 ateius
1395 2583 1522 2652 patrem,

195 2693 257 2734 cos.
280 2675 320 2733 30
339 2695 366 2734 a.
382 2675 470 2750 cun,
496 2676 644 2735 triumuiri
670 2684 823 2754 nepotem,
848 2692 909 2734 non
936 2675 1036 2735 solum
1062 2695 1102 2734 ex
1128 2677 1287 2736 consulatu
1313 2675 1522 2753 proconsulem

195 2776 388 2837 Macedoniae
403 2788 433 2837 et
446 2777 578 2837 Achaiae
599 2777 693 2836 fuisse
714 2786 842 2848 constat,
864 2776 1028 2836 sedetiam
1050 2778 1081 2834 iu
1103 2794 1140 2835 eo
1161 2777 1338 2854 magistratu
1358 2783 1459 2836 tantas
1473 2795 1523 2836 res

195 2879 339 2954 gessisse,
361 2887 393 2936 ut
414 2897 492 2938 anno
514 2899 541 2938 a.
557 2877 629 2939 Chr.
645 2877 684 2937 27
706 2878 744 2936 de
758 2877 909 2938 Thraecia
929 2884 959 2937 et
981 2875 1086 2938 Geteis
1108 2878 1307 2957 triumpharet
1327 2878 1398 2937 issti
1419 2878 1523 2937 trium·

195 2979 302 3056 phales
322 2979 463 3057 produnt.

280 3079 366 3154 Quae
387 3099 478 3158 quum
500 3083 543 3141 its
563 3081 632 3156 sint,
654 3082 758 3142 titulus
780 3088 869 3159 aptus
890 3081 948 3139 erit
961 3080 1006 3140 eis
1025 3079 1207 3153 refellendis,
1228 3098 1305 3156 qnae
1319 3079 1381 3138 Dio
1396 3077 1524 3139 Cassius

198 3181 248 3254 51,
263 3181 348 3256 36,2
371 3184 407 3242 do
428 3184 485 3243 hoc
506 3181 619 3243 Crssso
640 3184 746 3255 tradit3
773 3183 859 3242 cuius
881 3183 974 3243 verba
994 3180 1068 3242 haec
1090 3189 1174 3240 sunt:
1200 3169 1248 3238 noi
1270 3173 1327 3262 γὰρ
1348 3167 1397 3236 uoei
1418 3170 1524 3236 &usim

197 3272 245 3340 uel
267 3281 406 3368 νικητήρια
427 3279 489 3362 οὐχ
509 3274 550 3342 dri
571 3285 613 3361 τῷ
633 3275 764 3366 Καίσαρι,
785 3277 863 3340 ἀλλὰ
883 3272 932 3340 uui
953 3271 1046 3357 ἐκεῖνῳ
1067 3270 1239 3355 ἒψηφῖσθη,
1260 3275 1293 3336 οὗ
1314 3270 1403 3349 μέντοι
1423 3270 1471 3336 noi
1491 3271 1523 3337 sd

197 3387 250 3442 τοῦ
269 3375 472 3470 αὐτοκράτορος
492 3373 595 3454 dvorte,
622 3376 660 3446 uis
680 3375 715 3461 ’γὲ
735 3373 806 3446 rivis·
826 3395 931 3460 φατιν,
952 3372 1076 3450 italio,
1097 3375 1162 3438 dax
1184 3375 1197 3437 d
1218 3381 1329 3462 Καῖτιιρ
1351 3369 1433 3446 μένος
1453 3373 1524 3438 adri

198 3476 360 3569 προςέθετο.
403 3488 481 3547 Eum
508 3496 628 3547 secutus
654 3485 841 3564 Borghesius
868 3485 949 3543 Ann.
974 3485 1044 3543 inst.
1066 3482 1129 3541 XX
1152 3479 1263 3556 (1848)
1285 3501 1314 3556 p.
1331 3479 1390 3538 263
1418 3478 1525 3539 Crassi

198 3587 336 3665 exemplo
362 3590 490 3664 probare
515 3588 630 3662 studet,
657 3586 789 3666 Augusti
815 3595 911 3645 cetstc
932 3585 1051 3646 facilins
1073 3585 1167 3643 fuisse
1188 3581 1371 3658 triumphum
1394 3581 1525 3656 assequi,

199 3707 288 3766 quam
309 3691 533 3767 imperatorium
554 3690 773 3749 salutationem.
808 3689 902 3764 Atqui
922 3687 1021 3766 possit
1034 3685 1144 3763 aliquis
1160 3684 1269 3754 dicere,
1291 3682 1331 3740 oh
1346 3701 1411 3742 eam
1426 3682 1525 3757 ipsam

198 3809 337 3863 causam,
364 3792 447 3868 quod
466 3790 576 3850 Dionis
597 3791 769 3851 testimonio
790 3797 922 3863 constet,
949 3788 1101 3848 consulem
1123 3785 1193 3846 enni
1209 3785 1249 3844 30
1264 3803 1291 3842 a.
1307 3781 1377 3844 Chr.
1399 3783 1526 3860 impera·

198 3899 293 3950 torem
320 3909 388 3950 non
405 3893 512 3966 fuisse,
542 3891 686 3953 Crassum
712 3892 791 3952 tituli
813 3891 908 3950 nostri
930 3890 1023 3949 alium
1045 3887 1208 3968 putandum
1230 3902 1307 3945 esse.
1352 3883 1422 3958 Qua
1440 3885 1526 3943 inre

198 3991 231 4050 id
257 3993 378 4053 minime
405 4001 453 4053 est
477 3994 701 4072 negligendum,
730 3993 812 4071 quod
837 3993 899 4051 Dio
925 3993 991 4067 ipsc
1017 3990 1142 4051 vocibus
1169 3979 1212 4049 dr
1238 3977 1278 4063 γέ
1302 3975 1392 4046 rivio
1418 3995 1526 4060 φασιν

200 4092 310 4152 additis
338 4094 486 4154 diversam
512 4095 551 4154 de
577 4115 614 4154 ea
639 4116 671 4156 re
692 4093 866 4154 memorium
888 4094 983 4153 fuisse
1004 4091 1123 4151 indicat.
1168 4088 1281 4164 Quidni
1302 4088 1392 4165 igitur
1412 4086 1434 4146 ii
1455 4104 1528 4145 vera

199 4193 370 4268 retulerint,
397 4214 474 4273 qnos
497 4195 558 4256 Dio
584 4216 644 4255 non
665 4203 787 4256 secutus
809 4193 875 4254 esti
916 4195 1061 4253 Fortasse
1083 4193 1173 4268 verbs
1193 4183 1257 4248 ἄλλ’
1279 4186 1293 4247 ὅ
1314 4191 1426 4272 Καῖσαρ
1447 4177 1528 4257 μένος

200 4289 269 4352 αὐτό
295 4286 449 4378 oporibus
476 4299 624 4370 indicant,
656 4317 716 4357 non
742 4303 804 4356 tam
832 4296 1011 4373 peculiarem
1039 4296 1076 4354 de
1105 4291 1219 4354 Crasso
1245 4291 1420 4352 memoriam
1447 4287 1527 4366 opud

201 4477 405 4490 ψ

202 4605 227 4641 a.
240 4591 301 4642 Chr.
325 4606 353 4642 se
376 4592 505 4657 accepisse
524 4591 593 4641 dictu
616 4587 747 4651 (,memiui
764 4587 828 4638 enim
845 4585 907 4638 mihi
923 4599 1032 4636 narrare
1050 4579 1207 4642 Muciqu,
1232 4580 1254 4629 si
1273 4592 1305 4628 eo
1324 4587 1439 4642 tempore
1456 4583 1529 4640 gesta

202 4689 277 4746 essct,
298 4698 349 4748 quo
367 4685 422 4749 ipse
441 4683 526 4746 (natus
541 4684 594 4733 140
607 4696 631 4732 a.
645 4681 718 4742 Chr.)
737 4680 895 4744 trigesimum
915 4678 1018 4727 tertium
1036 4673 1129 4725 aetolis
1148 4687 1243 4723 annum
1263 4677 1351 4734 ageret
1368 4676 1393 4719 et
1411 4668 1528 4717 trihunns

203 4775 284 4838 plebis
303 4777 386 4826 esset?
423 4775 521 4826 Contra
539 4776 561 4824 ri
579 4789 621 4825 ras
640 4774 667 4823 in
685 4771 822 4838 pueritiam
839 4771 871 4822 1..
890 4769 978 4820 Crassi
998 4766 1100 4827 incidit,
1120 4764 1196 4815 facile
1215 4761 1373 4825 intelligitur,
1394 4774 1438 4810 cur
1456 4773 1527 4808 soce·

202 4881 259 4916 rum
278 4875 409 4919 auctorem
427 4869 551 4917 nominet.

280 4957 304 5020 ¹)
331 4959 472 5010 Flaminini
496 4959 585 5008 titulus
604 4955 694 5021 Gythii
718 4951 992 5005 incarnetur.
1013 4949 1092 5001 1325.
1129 4947 1172 4998 De
1197 4943 1288 4996 ceteris
1311 4943 1345 4994 ci.
1368 4941 1528 4993 MarmesVl

203 5065 228 5114 p.
241 5051 300 5100 140.
316 5049 378 5101 259.
405 5051 446 5100 Er
460 5050 561 5101 Luculli
580 5048 661 5098 titulis
680 5054 748 5099 certe
763 5061 828 5096 unus
847 5035 921 5109 (Ἑψ.
936 5045 995 5104 192,
1010 5038 1129 5107 Hypatio)
1148 5037 1182 5089 ad
1199 5038 1249 5088 hoc
1267 5043 1367 5099 tempus
1379 5032 1529 5084 referendus

204 5147 254 5202 est,
280 5157 359 5207 quum
384 5144 412 5192 in
435 5157 468 5192 eo
491 5147 611 5207 quaestor
634 5139 741 5190 dicutur.
779 5137 866 5200 (Quas
891 5151 932 5186 res
955 5136 982 5186 in
1002 5135 1050 5186 hoe
1069 5131 1219 5197 magistratu
1238 5129 1265 5179 in
1285 5126 1395 5180 Grueein
1412 5124 1527 5190 gesserit,

204 5233 261 5282 ride
281 5233 349 5297 apud
367 5234 555 5296 Drnmannnm‚
576 5232 643 5284 Misi.
663 5231 738 5282 Rom.
758 5231 798 5281 IV
817 5245 842 5293 p.
858 5227 929 5287 121.)
