3736 5822
586 1191 1044 1304 ADDITAMENTA

443 1401 516 1483 An
546 1399 807 1485 coercitis
838 1399 1094 1483 vonvnnn
1121 1399 1188 1482 tv.

355 1749 358 1861 l
383 1809 388 1826 .

355 1847 471 1950 nel
517 1843 634 1950 tel
678 1837 797 1950 ΜΛ
844 1839 1125 2017 *HQ—¹
1171 1843 1287 1946 ’,ν-1
1333 1847 1442 1948 ts..

366 2065 465 2072 ..,..
528 2065 628 2072 -.
690 2061 792 2068 ,-
853 1993 1280 2086 ηεωὲη,
1343 2060 1443 2069 ,-

809 2093 833 2124 Δ
978 2089 995 2120 Ε

321 2167 457 2245 tunt
537 2185 618 2246 noe
699 2123 1093 2298 1x,s{1x‚1}1‚1
1201 2183 1256 2246 na
1383 2183 1408 2232 n

366 2355 1281 2368 -—-.-———-—-—.———.———-=——-

237 2959 356 3019 Ruinae
373 2959 575 3035 Pompeianae
598 2978 665 3018 cum
687 2957 824 3016 Fiorellii
847 2975 920 3017 cura
939 2957 1000 3016 iam
1023 2959 1101 3017 sicot
1122 2958 1226 3018 ordine
1248 2973 1329 3020 certo
1350 2963 1394 3021 ita
1413 2982 1482 3024 con·

155 3063 241 3120 tinua
265 3079 359 3138 opera
384 3070 539 3133 eruantur,
565 3059 641 3118 nulli
666 3059 895 3135 inscriptionum
916 3057 1092 3118 Latinarum
1118 3060 1221 3135 generi
1247 3063 1344 3140 magis
1366 3065 1397 3122 in
1419 3065 1483 3124 dies

154 3180 267 3220 novom
288 3161 501 3219 incrementum
524 3160 713 3220 subnascitur
733 3178 823 3235 quam
845 3160 892 3230 illi
911 3160 994 3235 qnod
1014 3160 1243 3235 parietarierum
1264 3165 1384 3224 nomine
1404 3184 1484 3224 com·

154 3261 377 3339 prehendimus.
421 3259 508 3320 Unde
533 3261 644 3318 factum
670 3267 732 3332 est,
760 3268 794 3318 ut
819 3259 903 3318 brevi
927 3260 1086 3319 intervallo
1112 3271 1181 3338 post
1206 3261 1318 3322 editum
1344 3275 1483 3341 quartum

155 3363 297 3424 volumen
322 3363 382 3420 iam
408 3381 469 3421 non
493 3379 590 3436 pauca
615 3360 751 3439 syllegae
772 3370 894 3420 nostrae
915 3361 1123 3437 supplementa
1143 3362 1309 3437 prodierint
1329 3383 1367 3423 ex
1387 3366 1484 3442 iisque

156 3465 278 3542 potiora
304 3461 450 3538 quaedam
478 3462 589 3520 selecta
615 3461 685 3520 hnic
711 3461 814 3519 libello
841 3461 932 3519 inseri
954 3461 1082 3536 possint.
1127 3459 1238 3538 Oppidi
1265 3472 1380 3539 partes,
1409 3485 1484 3542 quae

156 3563 227 3623 inde
253 3564 292 3622 ab
318 3581 396 3621 anno
420 3561 499 3622 1868
525 3571 660 3620 extremo
686 3561 776 3622 effodi
803 3567 926 3638 coeptae
953 3569 1033 3633 sunt,
1060 3579 1127 3618 cnm
1148 3561 1180 3619 in
1201 3560 1298 3620 forma
1318 3573 1421 3622 nostra
1441 3565 1485 3622 1v

156 3666 219 3724 tab.
236 3663 266 3722 A
288 3663 400 3736 desint,
426 3663 470 3721 ita
496 3661 658 3722 delineatae
684 3680 777 3737 supra
802 3661 953 3733 dedimus,
981 3669 1015 3719 ot
1039 3661 1159 3737 singula
1184 3661 1252 3720 loca
1275 3663 1364 3723 facile
1386 3673 1416 3723 et
1436 3665 1485 3724 de·

157 3765 252 3825 scribi
274 3783 293 3824 a
313 3765 400 3822 nobis
421 3773 451 3822 et
471 3764 594 3840 reperiri
616 3782 635 3821 a
655 3763 823 3841 legentibus
845 3769 979 3838 possent.
1017 3760 1095 3824 Sunt
1113 3771 1212 3822 autem
1229 3763 1348 3824 insulae
1361 3767 1487 3843 viaeque

157 3885 177 3925 a
197 3866 249 3923 via
271 3861 416 3925 Stabiano
442 3865 587 3923 orientem
609 3881 714 3923 versus
742 3863 818 3922 sitae
844 3864 978 3940 exceptis
1005 3863 1043 3921 iis
1068 3881 1143 3938 quas
1164 3864 1250 3942 prius
1271 3864 1403 3926 detectas
1426 3878 1488 3928 tam

159 3975 266 4026 nostra
289 3965 393 4024 tabula
410 3963 441 4022 A
465 3981 554 4040 quam
579 3965 677 4023 forma
701 3964 733 4022 io
762 3963 901 4024 Gicntole
926 3964 1002 4040 depli
1026 3968 1106 4024 scaci
1132 3966 1165 4023 cli
1189 3965 1305 4042 Pompei
1332 3967 1348 4025 l
1376 3968 1488 4045 (1868)
1544 4037 1548 4046 ,

157 4067 252 4127 tabl
278 4065 358 4124 edita
384 4065 524 4125 ostendit.
567 4062 652 4124 Caeli
677 4064 848 4141 regionibus
876 4064 924 4123 bic
951 4082 1072 4140 quoque
1097 4066 1252 4126 brevitatis
1277 4085 1368 4126 cause
1389 4070 1488 4128 minus

159 4173 301 4228 accurate
322 4167 365 4226 ita
385 4183 457 4226 usne
480 4184 555 4239 som,
577 4172 611 4224 ut
631 4165 763 4242 exempli
783 4165 881 4241 gratia
902 4165 981 4224 viam
998 4163 1173 4227 Stabianum
1194 4185 1213 4226 a
1235 4169 1437 4244 septentrione
1457 4170 1488 4228 in

159 4268 318 4328 meridiem
339 4267 452 4344 porrigi
475 4284 631 4325 sumerem.

289 4493 350 4553 At>
372 4491 718 4554 GANDIDATORVM
739 4491 1067 4554 PROGRAMMATA
1089 4491 1367 4567 ANTIQVIORA.

160 4649 230 4711 tes
252 4651 284 4711 in
305 4650 419 4726 pariete
440 4649 579 4710 orientali
600 4648 716 4709 insulse
738 4647 886 4707 secundae
907 4647 1038 4724 regionis
1053 4647 1101 4706 IX
1122 4664 1217 4724 prope
1239 4649 1317 4706 viam
1339 4647 1438 4718 Balbi,
1461 4651 1491 4706 in

206 4751 300 4810 lettere
324 4753 379 4828 piri
405 4752 512 4826 prandi
540 4752 576 4809 ed
599 4749 710 4809 antiche
733 4764 851 4821 esras,
880 4748 933 4824 qui
961 4759 1059 4807 utrum
1086 4749 1118 4806 in
1145 4748 1270 4807 tectorio
1297 4766 1336 4807 an
1363 4748 1395 4806 in
1423 4748 1493 4836 ipso¹

205 4851 307 4929 lapide
330 4869 389 4910 non
411 4851 550 4910 dealbato
572 4851 652 4927 picta
674 4849 793 4910 sitnon
814 4849 934 4908 indicat.

747 4983 790 5044 L·
809 4983 915 5044 CAES

166 5123 188 5182 l.
211 5124 250 5182 de
271 5123 363 5184 Petra
387 5123 525 5184 Gicrnole
545 5123 625 5200 degli
645 5125 724 5181 scoot
745 5123 776 5179 di
796 5120 914 5198 Pompei
934 5120 967 5179 II
989 5119 1100 5196 (1871)
1121 5140 1151 5197 p.
1170 5119 1227 5179 162
1249 5140 1279 5179 n.
1295 5120 1323 5179 5.

1251 5223 1270 5278 4
