3712 5838
324 1650 565 1764 FELICIS
603 1651 921 1764 FELIOIANI
958 1651 1350 1768 VERONENSIS

480 1830 847 1948 OPVSOVLVM
882 1835 1207 1949 munitior.

261 2083 344 2140 Inter
370 2082 507 2140 homines
534 2083 629 2141 Italos
661 2083 712 2158 qui
744 2082 780 2141 de
809 2083 930 2160 optimis
961 2083 1127 2141 litterarum
1159 2083 1263 2158 figuris
1294 2086 1504 2158 quaesiverunt

179 2201 339 2258 earumque
364 2191 445 2242 recte
469 2191 500 2240 ct
524 2189 649 2241 venuste
675 2182 890 2259 pingendarum
912 2191 1071 2258 praecepta
1091 2183 1256 2254 ediderunt,
1283 2185 1372 2242 etiem
1401 2185 1427 2244 is
1452 2189 1504 2262 qui

179 2283 360 2342 novissimus
372 2283 409 2342 de
420 2283 469 2342 his
481 2283 675 2358 scriptoribus
687 2283 764 2341 dixit
775 2281 975 2343 Sotzmanuus
988 2283 1163 2358 (Naumann
1174 2283 1505 2362 otWeigelArclrirsrir

180 2385 226 2442 die
245 2385 427 2442 reictnmden
441 2383 553 2442 Kanate
569 2384 647 2443 1856
669 2384 702 2442 11
723 2404 752 2461 p.
775 2382 901 2460 275sq.)
923 2385 1071 2443 neminem
1092 2385 1288 2460 antiquiorem
1309 2385 1394 2444 novit
1413 2387 1505 2446 fratre

179 2483 263 2543 Luca
276 2484 428 2543 Paciuolo.
466 2482 527 2558 Qui
549 2503 616 2544 cum
637 2502 714 2559 opus
736 2485 961 2544 celeberrimum
976 2484 1057 2561 qnod
1078 2493 1123 2544 est
1137 2485 1174 2543 de
1189 2485 1289 2544 divina
1302 2488 1504 2563 proportione,

180 2585 368 2644 terminatum
390 2585 465 2643 illud
486 2585 514 2643 d.
541 2586 588 2644 14.
610 2605 648 2643 m.
671 2584 745 2644 Dec
771 2586 849 2646 1497
877 2584 940 2659 (vd.
962 2584 1014 2642 iol.
1037 2583 1117 2660 23¹),
1143 2585 1298 2644 duodecim
1325 2587 1411 2646 aunis
1437 2595 1506 2664 post

179 2685 315 2746 editurus
336 2694 424 2758 esset,
446 2686 553 2745 adiecit
574 2686 679 2762 viginti
705 2687 804 2763 capita
831 2685 869 2744 ad
890 2686 1118 2744 architecturam
1139 2687 1326 2764 pertinentia.
1369 2686 1427 2744 His
1448 2707 1504 2765 pro

179 2787 343 2863 appendice
370 2793 416 2846 est
443 2788 536 2846 series
567 2786 732 2845 litterarum
764 2795 900 2846 ancorato
933 2787 1037 2845 circini
1065 2796 1094 2845 et
1119 2787 1240 2863 regulae
1266 2805 1323 2863 ope
1346 2787 1504 2862 pictarum,

180 2888 264 2948 ouius
289 2889 468 2947 mentionem
494 2888 641 2963 epistolae
669 2887 870 2947 dedicatoriae
896 2907 922 2946 a
949 2887 977 2946 d.
1000 2887 1029 2944 V
1049 2887 1095 2945 Id.
1117 2887 1182 2946 Ian.
1208 2887 1286 2946 1509
1314 2886 1353 2944 ad
1379 2887 1504 2946 Petrum

181 2985 358 3048 Soderinum
380 2989 467 3046 datae
488 2988 628 3058 inseruit;
653 2988 833 3065 explicatius
861 2987 898 3045 de
926 2989 992 3047 eius
1018 2988 1135 3046 ratione
1159 2987 1190 3045 in
1211 2988 1279 3064 ipso
1300 3007 1390 3063 opere
1412 3007 1504 3066 expo·

182 3088 256 3160 suit,
278 3108 365 3165 quem
390 3090 488 3148 locum
515 3087 578 3162 (Dc
598 3087 658 3146 div.
680 3106 767 3164 prop.
782 3104 852 3165 pars
875 3087 971 3163 prima
992 3086 1041 3144 iol.
1059 3087 1138 3161 tor.)
1160 3096 1254 3146 totum
1276 3088 1505 3146 adscribendum

182 3206 250 3248 esea
275 3190 363 3248 duxi:
395 3187 559 3247 Costnmace
581 3206 636 3263 per
661 3187 740 3244 molti
767 3191 797 3243 in
823 3189 897 3245 dicto
920 3188 1046 3263 pilastro
1071 3204 1177 3261 ponere
1204 3187 1297 3244 lettere
1318 3203 1374 3261 per
1398 3189 1506 3246 dinnao·

181 3292 312 3348 ordinata
332 3289 380 3348 cite
402 3291 504 3347 dicnno
526 3307 540 3346 e
560 3305 687 3346 narrano
710 3287 906 3358 loro'intento‚
929 3286 1001 3344 belle
1015 3287 1136 3344 Anticlia
1158 3304 1209 3344 con
1231 3294 1303 3342 totta
1322 3289 1506 3360 proportione

181 3409 195 3448 e
216 3393 274 3450 coni
293 3394 324 3448 in
344 3391 606 3465 altrifrontespicii
626 3389 729 3463 esrepi
750 3389 945 3445 emonmnenti
966 3385 1026 3442 loro
1048 3385 1196 3461 epptapiii
1215 3385 1298 3461 puali
1317 3403 1400 3459 cenpa
1422 3385 1505 3444 dnbio

181 3492 263 3550 molto
285 3491 411 3550 rendano
437 3500 555 3548 venneto
578 3490 605 3546 to
631 3489 764 3564 arteficio.
807 3487 839 3543 Ε
855 3505 925 3562 pero
951 3504 971 3542 a
992 3496 1088 3561 parato
1103 3486 1163 3560 pino
1188 3485 1326 3561 inposta
1347 3504 1454 3544 ancora
1475 3488 1506 3542 in

181 3601 277 3668 questo
296 3600 394 3648 nostro
415 3591 524 3648 volume
551 3591 623 3647 detto
652 3588 718 3645 dela
738 3589 840 3646 diuina
859 3589 1043 3661 proportione
1065 3585 1191 3644 almodo
1213 3604 1227 3643 e
1241 3588 1343 3662 forma
1364 3603 1417 3643 con
1438 3594 1505 3645 tntte

183 3709 230 3749 ore
247 3693 431 3767 proportioni
451 3708 505 3748 ono
526 3690 616 3765 dopna
637 3688 787 3763 alphabeto
802 3687 926 3745 Antiano
947 3687 1085 3744 mediante
1106 3686 1134 3743 el
1152 3685 1238 3761 paule
1254 3695 1363 3761 potretc
1382 3686 1507 3743 scrivere

183 3795 213 3848 in
238 3795 327 3850 oanni
352 3791 448 3848 lauari
468 3789 563 3865 puello
589 3808 621 3847 ce
649 3789 775 3847 acadera
801 3807 815 3846 e
836 3790 934 3845 sirano
956 3805 1040 3860 sarpa
1060 3787 1145 3844 dnbio
1167 3788 1206 3845 ria
1227 3789 1290 3844 tutti
1310 3786 1505 3844 commendati.

182 3889 370 3950 Anisamione
394 3891 443 3949 cire
458 3908 513 3965 per
533 3897 630 3965 questo
658 3889 719 3947 solo
743 3891 783 3945 mi
802 3891 889 3946 morai
909 3905 928 3944 a
951 3887 1113 3962 disponerlo
1133 3889 1163 3944 in
1186 3887 1261 3944 dicta
1275 3889 1376 3963 sornto
1397 3888 1460 3943 acio
1484 3885 1507 3941 li

183 3994 316 4066 compteri
340 3994 518 4049 eminiatori
539 3990 587 4048 cite
609 3997 686 4047 tanto
708 3989 886 4046 terentiano
907 3991 1001 4046 coarsi
1021 4006 1041 4044 a
1061 3987 1243 4044 demostrante
1269 3985 1291 4043 li
1303 3987 1385 4061 soree
1406 3985 1505 4044 chiara

184 4092 233 4150 cte
258 4109 342 4166 ampo
373 4091 418 4149 lor
438 4109 535 4167 penna
561 4108 575 4147 e
603 4089 750 4164 penneito,
778 4088 804 4148 le
830 4090 878 4146 dci
904 4089 976 4146 lineo
1000 4087 1192 4146 mathematici
1222 4105 1313 4144 aaran
1340 4105 1354 4144 e
1386 4094 1465 4146 recta
1489 4103 1506 4143 o

184 4191 275 4250 aolino
298 4209 313 4250 o
334 4211 399 4264 non,
422 4212 442 4250 a
459 4193 632 4268 perfectione
654 4190 679 4248 le
699 4191 863 4248 conducam
886 4207 987 4248 comme
1008 4207 1116 4246 ancora
1140 4196 1206 4246 tutte
1229 4187 1314 4246 laltro
1335 4204 1398 4246 cote
1412 4189 1507 4263 fanno

186 4295 327 4351 conciosia
349 4293 398 4352 ete
420 4311 505 4366 senpa
527 4311 592 4368 epae
612 4311 669 4349 non
690 4295 734 4349 ria
754 4289 890 4366 partibile
912 4288 1019 4345 alcuna
1040 4306 1108 4346 cosa
1129 4287 1180 4346 ben
1194 4289 1334 4363 formare.

266 4392 337 4453 Non
358 4398 424 4450 erat
444 4392 564 4450 omniuo
579 4410 690 4450 novum
705 4397 735 4448 et
748 4408 767 4447 a
781 4389 871 4448 fratre
887 4387 1066 4446 minoritnuo
1081 4387 1209 4463 primum
1222 4386 1385 4453 inventum,
1408 4402 1505 4442 emen·

185 4492 272 4552 datas
296 4493 463 4551 litterarum
489 4493 601 4570 figuras
626 4490 729 4549 circini
754 4499 785 4548 et
809 4488 931 4567 regulae
956 4505 1013 4546 usu
1040 4486 1196 4544 commode
1221 4484 1363 4554 describi;
1391 4483 1507 4559 antiqui

185 4593 263 4652 tituli
290 4611 359 4652 cum
386 4591 497 4652 Graeci
523 4601 586 4650 tum
606 4589 735 4648 Romani
761 4588 835 4648 satis
857 4588 1062 4646 demonstrant
1088 4604 1126 4644 ne
1151 4582 1359 4661 quadratarios
1386 4581 1507 4657 quidem

184 4693 305 4752 illorum
326 4702 496 4770 temporum
523 4692 561 4750 ab
586 4692 644 4748 hac
663 4690 779 4748 ratione
799 4687 1006 4758 abhorruisse,
1033 4693 1176 4760 extatque
1200 4682 1346 4743 eiusmodi
1366 4699 1455 4742 curae
1475 4681 1507 4740 in

184 4793 349 4851 litterarum
364 4794 490 4870 figuram
512 4793 666 4869 impensae
684 4789 774 4846 etiam
795 4788 894 4847 tenuis
909 4786 1020 4863 scripta
1040 4785 1183 4844 memoria
1202 4785 1235 4842 iu
1248 4782 1381 4842 Bekkeri
1393 4780 1507 4840 Aneod.

185 4909 215 4968 p.
231 4893 292 4952 784
313 4887 368 4949 Arri
389 4894 473 4950 τοῦτο
495 4885 526 4950 ii
546 4881 595 4948 nai
616 4885 667 4947 οιιίι
688 4876 787 4949 ἄλλοις
808 4888 989 4971 χαρακτῆρσι
1011 4875 1159 4968 χροῖμιὲα
1179 4885 1234 4941 τῶν
1255 4873 1408 4959 στοιχείων
1429 4873 1509 4937 ἀλλὰ

187 4993 243 5052 τοῖς
262 4987 403 5059 Ἰωνικοῖς,
430 4990 468 5054 οἷς
495 4980 544 5059 μὲν
567 4979 783 5060 Ἀσκληπιάδης
809 4985 823 5044 ὅ
846 4987 1003 5070 Σμυρναῖος
1023 4975 1101 5061 >iper
1130 4977 1178 5040 διὰ
1205 4975 1236 5039 ri
1262 4978 1371 5042 κᾶλλος
1398 4969 1446 5037 uni
1467 4969 1508 5036 ὅτι

186 5093 309 5150 πλεῖστοι
329 5093 384 5149 rain
406 5081 642 5176 συγγραμμάτων
661 5078 769 5148 τούτοις
782 5077 943 5171 ipipparrro
964 5087 1022 5146 τοῖς
1036 5083 1247 5168 χαρακτῆρσιν·
1270 5078 1308 5142 air
1328 5069 1359 5138 δὲ
1373 5070 1510 5165 Διοδωρος

187 5182 235 5251 nni
253 5186 363 5252 ’Animo
384 5191 410 5250 ir
431 5194 473 5271 τῷ
493 5181 632 5278 περὶτῶν
659 5177 825 5267 στοιχείων)
846 5181 887 5247 ὅτι
908 5187 1034 5246 πλεῖστοι
1061 5184 1245 5268 συγγραφεῖς
1272 5171 1320 5242 aa}
1350 5180 1375 5240 oi
1398 5167 1510 5250 ποιηταὶ
