3712 5838
322 581 324 584 ’
373 577 448 651 244
515 589 518 606 ·
892 588 1170 642 unruuenncsu

371 771 403 829 iu
418 766 642 828 desuetudinem
661 765 791 834 venisse,
812 763 909 822 solum
930 763 1107 821 vocabulum
1129 760 1286 832 mansisse,
1309 759 1352 816 ita
1372 767 1406 816 ut
1421 757 1556 818 Graecos
1578 778 1645 819 cum
1667 761 1700 820 id
1766 825 1774 837 ,

372 888 430 929 sua
450 871 584 947 ipsorum
603 867 707 942 lingua
727 864 895 941 exprimere
910 862 1073 933 studerent,
1097 880 1197 919 veram
1219 859 1282 918 eius
1295 859 1356 917 vim
1370 878 1431 917 nou
1453 869 1609 920 assecutos
1630 879 1700 922 esse

371 971 435 1029 veri
455 968 602 1027 dissimile
622 984 682 1025 non
704 965 788 1041 sitl),
809 965 987 1041 praesertim
1009 982 1076 1022 curn
1091 962 1216 1020 duorum
1238 960 1364 1018 aliorum
1379 960 1535 1019 titulorum
1557 961 1698 1037 exemplo

371 1070 594 1145 comprobetur,
622 1067 653 1126 iu
674 1068 729 1126 lec
754 1084 786 1123 re
814 1084 873 1123 nou
898 1063 1063 1123 obtinuisse
1090 1061 1169 1140 apud
1191 1060 1326 1122 Graecos
1350 1061 1698 1139 sollemnemquendam

371 1188 456 1230 usum
479 1187 514 1227 ac
535 1186 648 1227 morem
672 1167 819 1225 formulae
840 1165 968 1224 Latinae
992 1163 1247 1240 interpretandae,
1274 1161 1327 1220 sed
1349 1180 1415 1220 eam
1436 1180 1499 1220 rem
1521 1164 1553 1221 in
1574 1164 1698 1222 arbitrio

370 1271 615 1346 uniuscuiusque,
630 1269 681 1344 qui
694 1266 812 1326 titulum
826 1273 1025 1342 componeret,
1048 1266 1177 1339 positam
1192 1263 1295 1322 fuisse.
1329 1260 1418 1335 Quod
1432 1263 1526 1321 mirlto
1548 1263 1697 1322 infelicius

371 1373 461 1432 etiam
477 1353 568 1447 quam
583 1368 762 1426 Atheniensi
776 1375 889 1440 nostro,
913 1365 1015 1427 Samio
1037 1365 1082 1424 illi
1097 1367 1223 1424 cessisse
1238 1363 1378 1436 vidimus,
1400 1365 1453 1438 qui
1474 1364 1592 1423 titulum
1607 1383 1698 1442 supra

371 1474 496 1532 allatum
518 1471 646 1545 scripsit.
663 1501 701 1510 -
723 1467 794 1526 v.7
816 1461 1035 1550 uapavrqocpipeo
1059 1466 1197 1544 supplevi
1219 1466 1300 1541 quod
1322 1483 1359 1522 ea
1376 1464 1443 1522 sola
1456 1465 1587 1524 nominis
1600 1464 1699 1525 forma

372 1575 482 1632 tradita
504 1581 550 1630 est
570 1570 645 1646 (Dio
669 1569 717 1640 55,
742 1568 809 1644 23);
832 1569 884 1627 sed
906 1567 980 1625 haec
1002 1585 1062 1624 vox
1084 1567 1212 1641 spatium
1236 1565 1380 1625 excedere
1407 1565 1574 1643 videtur2),
1605 1585 1697 1643 quare

371 1675 503 1732 fortasse
524 1671 623 1749 potius
646 1669 834 1752 sapientioris
849 1668 1035 1726 scribendum
1058 1667 1123 1740 erit,
1145 1667 1225 1743 quod
1240 1665 1350 1724 Latino
1365 1666 1540 1743 fulminatus
1561 1677 1697 1729 accurate

371 1773 575 1851 responderet.
611 1770 648 1828 V.
668 1773 703 1828 ll
729 1769 867 1827 vocabuli
893 1758 1129 1842 ἀποδεδειγμένον
1155 1767 1283 1844 vestigia
1303 1766 1471 1826 certissima
1493 1778 1579 1841 sunt3
1607 1779 1698 1845 atque

370 1875 401 1932 id
422 1891 489 1932 oum
508 1872 703 1947 sequentibus
719 1869 955 1948 coniungendum
977 1887 1054 1939 esse,
1076 1886 1136 1926 non
1157 1886 1223 1927 cum
1245 1869 1284 1927 iis
1298 1886 1374 1943 quae
1396 1869 1584 1943 antecedunt,
1605 1877 1697 1946 patet.

370 1975 450 2035 Nam
471 1981 607 2050 quaestor
621 1974 766 2047 princ-ipis
788 1989 905 2047 semper
926 1970 964 2027 ab
986 1970 1054 2044 ipso
1075 1969 1210 2046 principe
1231 1969 1414 2045 designatur,
1436 1988 1528 2045 quare
1549 1964 1698 2027 ἀποδεδει-

370 2065 471 2152 γμένον
497 2069 544 2129 ὑπ’
572 2069 663 2129 αὐτοῦ
688 2071 821 2130 additum
848 2070 1091 2129 molestissimam
1118 2070 1315 2147 tautologiam
1337 2071 1477 2128 efficeret.
1526 2068 1641 2129 Contra
1670 2072 1697 2130 si

371 2196 407 2235 ea
428 2176 519 2235 verba
540 2173 577 2234 ad
600 2162 801 2255 [dyepavripJev
823 2171 902 2247 quod
925 2172 1059 2246 sequitur
1080 2170 1255 2250 referamus,
1281 2190 1342 2230 nou
1368 2172 1466 2230 solum
1487 2191 1555 2231 eum
1576 2191 1595 2230 a
1614 2173 1697 2250 prin-

370 2279 436 2354 cipe
458 2275 585 2334 aedilem
605 2273 791 2331 nominatum
813 2289 880 2331 esse
901 2272 1058 2342 indicatur,
1084 2271 1247 2330 sedetiam
1270 2281 1332 2331 tum
1354 2291 1421 2330 cum
1443 2273 1548 2332 titulus
1570 2292 1695 2350 ponere·

370 2386 428 2449 tur,
450 2369 628 2452 designatius
649 2374 769 2450 quidem
791 2374 895 2444 fuisse,
918 2374 971 2432 sed
992 2374 1124 2431 nondum
1145 2371 1352 2447 magistratum
1372 2369 1529 2449 iniisse³);
1554 2380 1643 2450 atque
1664 2395 1697 2434 re

371 2497 442 2538 vera
466 2477 515 2535 hic
544 2475 666 2534 ultimus
699 2482 729 2532 et
755 2492 888 2533 summus
916 2475 1109 2550 magistratus
1143 2481 1204 2545 est,
1237 2474 1288 2548 qui
1315 2474 1347 2531 in
1374 2474 1463 2532 titulo
1489 2476 1695 2550 perscribitur,

369 2598 461 2656 quum
482 2578 584 2636 statim
605 2577 670 2634 eius
690 2576 742 2652 qui
764 2584 894 2634 statuam
916 2575 1015 2651 posuit
1040 2593 1148 2634 nomeu
1168 2573 1375 2652 subiungatur.
1418 2575 1481 2633 Pro
1497 2567 1695 2658 [dqepcere'ppv

295 2709 302 2720 ·
370 2680 504 2756 suppleri
524 2684 624 2755 potest
644 2667 830 2755 [dinequrq
857 2675 909 2733 sed
933 2675 986 2733 illo
1008 2674 1153 2733 vocabulo
1176 2675 1303 2750 spatium
1326 2675 1433 2734 melius
1454 2676 1601 2753 expletur.
1645 2677 1694 2736 De

369 2781 489 2839 nomine
515 2778 581 2836 eius
603 2777 654 2854 qui
678 2775 796 2834 titulum
825 2776 973 2834 dedicavit
999 2793 1053 2851 pro
1079 2783 1160 2833 certo
1186 2775 1246 2833 dici
1273 2784 1386 2851 potest,
1414 2777 1492 2836 iuter
1513 2797 1695 2854 praenomen

370 2887 400 2939 et
414 2895 589 2956 cognomen,
605 2894 681 2953 quae
697 2877 813 2952 integra
827 2881 907 2950 sunt,
929 2875 989 2933 duo
1008 2876 1129 2934 nomina
1144 2876 1295 2952 gentilicia
1316 2878 1429 2955 scripta
1442 2877 1589 2955 fuisse⁴);
1610 2881 1695 2957 prius

445 3205 470 3276 ¹)
494 3207 578 3258 Multo
598 3207 682 3272 aptius
702 3211 768 3256 esset
789 3205 899 3270 simplex
917 3195 1050 3276 χῶνευσις,
1071 3221 1148 3271 quum
1167 3193 1287 3276 χωνιιῖιιν
1305 3220 1363 3258 eam
1382 3207 1434 3257 rim
1453 3207 1548 3258 habeat
1566 3223 1631 3274 quae
1650 3209 1692 3261 hie

369 3299 536 3362 desideratur,
557 3299 602 3349 sed
621 3313 652 3346 eo
672 3299 783 3363 spatium
802 3313 856 3347 nou
874 3299 1000 3362 expletur.

408 3437 411 3444 ,
444 3389 469 3454 ²)
495 3390 657 3454 Quamquam
670 3403 723 3438 non
742 3403 773 3438 ee
792 3395 830 3438 est
848 3389 876 3438 in
888 3389 938 3439 hoc
950 3390 1025 3438 titulo
1045 3389 1214 3455 aequabilitas
1227 3389 1377 3454 scripturae,
1397 3395 1426 3438 ut
1439 3389 1548 3441 duarum
1561 3392 1694 3444 literarum

368 3483 509 3534 discrimini
528 3482 636 3532 multum
656 3481 819 3530 tribuendum
838 3481 879 3530 sit.

442 3571 467 3636 ⁸)
492 3573 593 3624 Tamen
605 3572 672 3622 hauc
690 3587 744 3621 rem
757 3572 827 3620 haud
841 3572 878 3620 ita
890 3571 988 3620 levibus
1001 3571 1202 3620 dubitationibus
1221 3571 1361 3620 obnoxiam
1381 3585 1437 3620 esse
1452 3571 1502 3622 Th.
1516 3572 1693 3626 Mommseuus

367 3677 409 3716 me
428 3663 574 3714 admonuit:
601 3653 728 3712 ‘Primum
750 3663 879 3726 legitimus
903 3676 987 3712 sermo
1014 3663 1121 3727 requirit
1144 3659 1248 3711 aedilem
1272 3660 1440 3728 designatum,
1466 3678 1519 3713 non
1538 3663 1695 3730 designatius

368 3755 482 3816 aedilem.
514 3753 617 3804 Deinde
630 3754 794 3817 magistratus
808 3753 934 3817 designati
953 3753 998 3802 nbi
1011 3753 1183 3814 inveniuntur,
1203 3767 1333 3817 uunquam
1352 3754 1455 3803 additur
1474 3753 1619 3820 designatos
1638 3771 1694 3808 esse

370 3847 402 3896 ab
421 3847 590 3911 imperatore,
619 3859 703 3909 neque
721 3850 789 3892 recte
809 3842 870 3892 addi
889 3845 986 3906 potuit,
1012 3859 1070 3893 cum
1092 3845 1187 3894 creatio
1205 3845 1382 3908 magistratum
1401 3845 1558 3895 urbanorum
1578 3849 1692 3912 exceptis

365 3938 514 3988 consulibus
533 3936 567 3986 ad
580 3941 695 3986 senatum
709 3935 855 3998 pertineret.
884 3933 970 3998 Magis
988 3935 1141 3984 crediderim
1159 3934 1237 3984 rerba
1255 3926 1459 4002 ιῖποδιδειγμίνον
1476 3927 1514 3984 sirr’
1534 3928 1608 3986 edred
1625 3939 1693 3989 rele-

366 4029 449 4077 rends
466 4041 521 4076 esse
540 4027 574 4076 ad
590 4031 752 4090 quaestorem
772 4024 935 4074 candidatum
955 4025 1075 4090 Augusti.
1103 4027 1202 4076 Verum
1221 4032 1259 4075 est
1277 4039 1309 4074 ea
1321 4026 1398 4076 verbu
1415 4028 1452 4076 ita
1464 4042 1556 4091 pamm
1574 4035 1693 4080 accurate

365 4119 444 4179 verti3
470 4131 530 4166 nam
550 4121 672 4180 quaestor
690 4115 842 4164 candidatus
860 4115 971 4180 Augusti
991 4117 1023 4166 ab
1041 4118 1197 4181 imperatore
1212 4117 1361 4166 nominatur
1379 4118 1461 4181 magis
1478 4133 1555 4182 quam
1574 4119 1691 4184 designa·

365 4213 420 4268 tur;
445 4207 491 4256 sed
514 4221 546 4256 ea
569 4206 694 4255 sermonis
718 4206 826 4269 legitimi
845 4205 990 4257 differentia
1014 4207 1084 4257 haud
1106 4207 1159 4256 scio
1179 4221 1213 4258 au
1234 4207 1308 4256 reddi
1327 4207 1427 4259 Graece
1446 4209 1551 4258 omuino
1570 4217 1689 4274 nequeat.

365 4299 463 4348 Verum
482 4297 542 4346 item
563 4303 600 4346 est
619 4295 703 4346 adhuc
722 4297 820 4347 nullum
840 4298 941 4347 titulum
961 4298 1092 4348 inventum
1111 4311 1166 4348 esse
1185 4299 1327 4363 quaestoris
1346 4299 1470 4363 Augusti,
1495 4300 1539 4363 qui
1562 4300 1631 4350 idem
1651 4302 1689 4351 di-

363 4396 463 4441 ceretur
491 4388 642 4439 candidatus
666 4388 791 4452 Augusti;
820 4389 889 4454 quod
912 4390 968 4438 sine
995 4390 1072 4438 dubio
1097 4404 1151 4439 nou
1175 4404 1236 4440 casu
1261 4391 1363 4452 accidit,
1387 4389 1433 4439 sed
1455 4395 1593 4455 propterea
1620 4393 1690 4456 quod

364 4488 525 4546 quaestores,
550 4481 593 4546 qui
611 4481 731 4543 Augusto
754 4487 857 4544 praesto
880 4487 978 4542 essent,
1003 4494 1105 4545 semper
1127 4480 1304 4545 deligebantur
1328 4495 1360 4530 ex
1385 4481 1563 4545 quaestoribus
1581 4481 1614 4532 eb
1632 4483 1690 4547 ipso

364 4572 512 4633 nominatis,
531 4579 561 4621 ut
578 4572 623 4622 illo
636 4571 721 4637 posito
740 4569 790 4620 hoe
805 4585 906 4634 quoque
925 4572 1028 4635 reipsa
1047 4571 1314 4636 comprehenderetur.
1344 4571 1398 4624 Sed
1410 4571 1496 4635 potnit
1511 4587 1574 4622 sane
1592 4579 1689 4623 uuum·

363 4677 412 4728 qua
431 4662 508 4713 simul
527 4663 655 4712 enuntiari
673 4662 786 4711 maxime
804 4661 831 4710 iu
849 4661 924 4711 titulo
943 4661 1042 4713 Graece
1061 4655 1171 4728 scripto'.

438 4751 464 4815 ⁴)
487 4753 523 4804 Ut
540 4753 610 4803 idem
629 4753 708 4802 homo
727 4751 827 4800 duobus
845 4752 992 4802 nominibus
1005 4755 1141 4818 gentiliciis
1159 4761 1252 4817 utatur,
1272 4754 1300 4803 id
1319 4755 1372 4803 iam
1387 4752 1530 4817 primorum
1549 4753 1688 4818 imperato·

361 4861 419 4896 rum
432 4851 547 4910 tempore
566 4858 619 4894 nou
637 4858 697 4894 raro
710 4843 767 4894 fleri
785 4843 948 4893 uofissimum
967 4851 1013 4894 est.
1044 4845 1187 4895 Hominum
1201 4844 1359 4897 Graecorum
1378 4844 1484 4894 alterim
1502 4857 1533 4894 ae
1545 4844 1613 4893 tertii
1631 4857 1688 4894 sae-

361 4937 412 4986 cull
440 4935 559 4999 exempla
581 4935 708 4984 eiusmodi
732 4941 790 4984 suut
817 4935 852 4984 Δ.
881 4923 1029 5003 Ἑρίνῡιιος]
1054 4931 1214 5003 Σεπτίμ[ιος]
1238 4925 1397 5003 Ἦλιέδωρος
1427 4935 1457 4986 C.
1484 4935 1508 4985 1.
1533 4935 1614 4985 3204.
1650 4931 1686 4984 Δ.

361 5019 498 5091 Σεπτίμιος
521 5011 649 5092 Αὔρῆλιος
667 5021 794 5092 Στέφανος
813 5024 893 5075 3205.
935 5023 965 5073 Γ.
985 5014 1116 5084 'Araducca
1133 5021 1272 5093 Σεπτίμιος
1290 5018 1408 5084 Πίπλιος
1427 5027 1508 5078 3208.
1544 5026 1577 5076 Iu
1596 5025 1688 5090 quibus

360 5114 441 5164 titulis
458 5129 521 5164 saue
539 5115 723 5179 Septimiorum
741 5130 835 5166 nomeu
854 5131 871 5165 a
889 5115 1015 5179 Septimio
1033 5116 1130 5169 Severo
1148 5119 1316 5183 repetendum
1335 5132 1391 5170 esse
1408 5119 1523 5181 videtum
1544 5115 1590 5168 sed
1609 5117 1689 5167 etiam

360 5209 437 5254 autea
454 5203 572 5256 homines
591 5204 706 5258 Graecos
724 5207 774 5258 boe
791 5222 885 5259 nomeu
905 5208 1015 5272 gessisse
1032 5223 1079 5273 per
1096 5223 1123 5260 ss
1141 5216 1220 5274 patet.
