3742 5826
363 1605 434 1716 Ile
475 1600 643 1715 titulis
686 1599 943 1717 nonnullis
980 1596 1165 1712 Atticis
1209 1598 1272 1712 od
1308 1631 1392 1712 res
1430 1599 1681 1712 Romcncs

846 1770 1204 1910 spectantibus,

448 2277 473 2334 l.
515 2277 552 2334 In
572 2275 773 2353 Ephemeride
798 2273 1027 2351 erchseologics
1048 2275 1228 2334 Atheniensi
1254 2293 1299 2334 nr.
1317 2273 1377 2333 750
1402 2272 1581 2333 Pittslrisius
1608 2273 1688 2331 hune

363 2377 481 2435 titulum
506 2376 613 2448 edidit,
639 2376 811 2454 inscriptum
838 2375 904 2434 bcsi
932 2376 1089 2435 marmoris
1111 2375 1257 2453 Hymettii
1283 2376 1314 2434 in
1342 2377 1416 2435 duas
1443 2381 1545 2453 partes
1567 2373 1688 2444 fractae,

362 2479 500 2537 inventae
521 2478 753 2554 septentrionem
772 2493 879 2537 versus
900 2495 920 2534 a
939 2476 1143 2536 Parthenone:

953 2574 989 2634 ‘0
1011 2571 1099 2649 δῆμος

830 2679 946 2762 Μᾶρκον
966 2670 1083 2736 Λικίνιον
1104 2667 1221 2762 Μάρκου

831 2773 879 2838 tide
900 2769 1033 2862 Κράτων
1053 2770 1226 2864 ἆνὲὗπατον

829 2869 878 2938 καὶ
899 2871 1091 2964 αὐτοκράτορα
1112 2876 1212 2965 ἀρετῆς

831 2970 921 3039 ἕνεκεν
941 2971 1022 3060 u[o]i
1044 2975 1161 3042 rivolus.

363 3083 423 3158 Qui
447 3084 550 3172 titulus
573 3085 611 3143 cd
632 3102 720 3161 quem
742 3083 892 3142 hominem
913 3083 1087 3142 referendus
1109 3084 1164 3156 sit,
1187 3082 1316 3142 dubitari
1338 3084 1390 3142 vix
1412 3091 1520 3161 potest.
1565 3081 1685 3143 Certum

360 3194 415 3260 est,
436 3205 503 3244 eum
524 3187 764 3246 meotides.
788 3183 842 3261 (22
857 3203 886 3261 p.
902 3182 989 3261 Chr.)
1011 3185 1207 3262 posteriorem
1230 3203 1289 3243 non
1311 3201 1392 3258 esse3
1415 3185 1484 3244 inde
1503 3185 1541 3243 ab
1555 3203 1591 3243 eo
1608 3203 1686 3244 cnno

360 3290 439 3348 enirn
464 3288 613 3346 neminem
637 3288 787 3364 privatum
814 3285 1004 3363 imperatoris
1029 3286 1177 3345 vocabulo
1204 3292 1343 3345 ornatum
1370 3303 1438 3345 esse
1463 3295 1590 3345 constat.
1637 3287 1685 3344 Ex

360 3390 455 3447 altera
481 3377 566 3466 porte
594 3388 745 3465 antiquior
771 3387 938 3446 vix-tuerit
965 3404 1043 3445 suno
1067 3385 1128 3445 724
1148 3405 1176 3446 u.
1195 3405 1221 3445 e.
1245 3386 1304 3461 (30
1323 3407 1351 3447 a.
1373 3385 1469 3464 cun).
1512 3387 1582 3448 Non
1609 3389 1687 3448 enirn

359 3499 510 3567 comparet
536 3498 605 3548 ante
632 3509 698 3548 eum
726 3508 836 3547 annum
862 3490 893 3547 in
914 3487 1000 3547 fastis
1021 3488 1230 3548 consularibus
1251 3488 1293 3546 M.
1317 3487 1447 3548 Crassus
1470 3489 1509 3547 M.
1532 3490 1553 3548 f.
1598 3488 1686 3563 Quod

359 3593 385 3650 si
407 3592 474 3666 quis
496 3590 617 3662 dixerit,
638 3609 706 3648 curn
728 3589 777 3666 qui
799 3607 855 3667 pro
877 3589 1000 3648 consule
1022 3589 1071 3661 sit,
1092 3608 1130 3648 ne
1151 3589 1262 3649 liberae
1278 3589 1399 3665 quidem
1413 3591 1597 3667 reipublicae
1612 3598 1685 3650 tem-

359 3711 432 3769 pore
452 3710 570 3768 semper
591 3692 778 3750 consulcrem
800 3708 878 3761 esse,
900 3691 954 3748 sed
974 3690 1064 3749 etiem
1087 3689 1155 3748 aliis
1172 3690 1344 3749 hominibus
1359 3690 1410 3767 qui
1424 3692 1586 3768 provinciis
1600 3711 1684 3768 prec-

359 3793 433 3864 sint,
459 3791 674 3868 proconsulare
697 3791 855 3866 imperium
875 3809 1088 3868 nonnunquam
1110 3791 1200 3850 tribui
1223 3791 1563 3869 (Becker-Marqusrdt,
1590 3793 1684 3870 antiq.

358 3891 446 3951 Rom.
468 3891 528 3963 III,
550 3892 564 3949 l
588 3910 618 3968 p.
635 3891 725 3966 276),
752 3893 949 3968 reputandum
976 3901 1037 3965 est,
1065 3900 1183 3968 praeter
1203 3891 1239 3950 P.
1262 3890 1433 3968 Scipionem
1455 3893 1628 3952 Africanum
1655 3905 1686 3953 et

359 3992 415 4052 Cn.
437 3991 611 4068 Pompeium
628 3993 781 4068 Magnum,
803 4011 930 4070 quorum
952 4011 1043 4052 causa
1063 3993 1152 4070 plene
1173 3993 1333 4070 singularis
1356 4003 1413 4066 est,
1435 4004 1515 4053 certe
1535 3995 1684 4054 neminem

358 4094 418 4151 nisi
438 4093 619 4170 praetorium
641 4094 849 4169 proconsulem
870 4095 972 4153 fuisse.
1009 4095 1185 4154 Praetorem
1205 4095 1246 4154 M.
1263 4093 1406 4154 Crassum
1429 4093 1535 4156 Cicero
1557 4116 1684 4156 comme-

358 4203 457 4252 morat
476 4194 578 4274 delos.
600 4194 630 4265 1,
646 4193 700 4267 36,
720 4193 791 4267 166;
821 4203 853 4254 st
873 4215 942 4255 num
963 4197 990 4256 is
1012 4195 1106 4255 Marci
1126 4195 1208 4256 filius
1229 4196 1320 4256 fuerit
1340 4197 1427 4256 valde
1448 4197 1570 4256 dubium
1591 4195 1684 4276 est¹)

435 4441 459 4506 ¹)
485 4441 535 4492 lllo
553 4442 612 4492 loco
624 4442 654 4492 1..
669 4441 776 4494 Crassus
793 4450 882 4494 orator
900 4443 1074 4494 nobilissimus
1092 4451 1180 4494 narret
1199 4459 1265 4510 quse
1276 4445 1306 4494 in
1317 4445 1414 4494 iudicio
1428 4445 1495 4510 npnd
1509 4445 1547 4496 M.
1562 4445 1683 4496 Crassum
1723 4435 1758 4494 ⁴.

357 4535 486 4601 quendum
503 4539 648 4599 praetorem
667 4540 724 4584 seta
742 4534 801 4585 sint.
832 4535 1023 4586 Hsnriehsenus
1043 4535 1162 4599 (eumque
1174 4543 1276 4586 secutus
1288 4535 1400 4588 Orellius
1413 4536 1507 4588 Onom.
1521 4537 1590 4588 Tull.
1610 4553 1630 4587 s.
1646 4536 1683 4600 n.)

357 4641 414 4676 eam
433 4641 489 4675 rem
507 4625 541 4675 ad
559 4639 656 4675 annum
673 4625 841 4676 a.(lhr.127
861 4633 906 4676 out
925 4627 976 4676 tte
996 4625 1083 4688 refert,
1101 4627 1224 4691 illumque
1242 4635 1388 4692 praetorem
1406 4628 1444 4678 M.
1464 4628 1585 4679 crassum
1604 4629 1635 4679 P.
1654 4627 1683 4690 t,

357 4709 498 4782 ἆγὲλαστον
513 4717 674 4782 cognomine,
694 4717 821 4766 triumviri
839 4732 924 4777 osum,
945 4731 1000 4767 esse
1019 4723 1099 4782 putat.
1130 4718 1614 4781 Drnmsnnussero(Hist.Rom.1V,
1629 4718 1682 4782 to),

356 4809 477 4872 Pighium
496 4813 610 4870 seeuttrs,
634 4823 714 4873 usque
733 4809 767 4857 sd
785 4823 881 4857 sunum
903 4809 953 4857 107
968 4823 992 4858 c.
1007 4808 1068 4860 Chr.
1087 4809 1220 4860 descendit
1238 4819 1265 4860 et
1283 4811 1315 4859 de
1335 4811 1388 4861 tillo
1408 4811 1519 4876 quodam
1539 4812 1608 4862 illins
1627 4802 1681 4876 dys-

356 4887 454 4948 ltdcroc
473 4899 599 4948 triumviri
616 4905 708 4963 patruo
733 4897 802 4958 (narn
821 4905 894 4962 pstor
913 4898 968 4949 eins
986 4899 1093 4950 Publius
1111 4901 1275 4964 vocabatur),
1299 4909 1434 4966 praeterea
1452 4903 1553 4966 ignoto,
1579 4903 1682 4966 cogitat.

356 4992 383 5040 Is
401 4989 479 5054 igitur
498 4997 565 5040 essct
582 4990 620 5040 M.
640 4989 749 5040 Crassus
767 4989 803 5040 M.
824 4989 843 5039 f.
862 4996 974 5054 praetor.
1012 4993 1050 5041 At
1072 4992 1135 5042 milri
1156 4993 1260 5058 quidem
1279 4994 1351 5058 prior
1369 4993 1498 5044 sententis
1516 4995 1598 5044 multo
1617 4994 1682 5044 seri-

357 5081 465 5131 similior
483 5079 593 5130 videtur.
630 5079 666 5130 Ut
685 5080 753 5130 enim
773 5081 890 5130 omittam
909 5096 1014 5144 causas,
1034 5098 1098 5149 ques
1115 5079 1307 5135 Henrichscnus
1326 5085 1381 5150 ipsc
1400 5083 1487 5148 effert,
1508 5087 1562 5136 iure
1582 5086 1682 5151 quaeri·

356 5188 427 5232 mus,
453 5187 497 5222 cur
520 5173 550 5223 1..
571 5171 678 5224 Crassus
698 5185 757 5222 -rem
781 5173 817 5223 itn
843 5181 941 5234 narret,
968 5181 994 5224 ut
1018 5189 1075 5226 eam
1098 5189 1222 5228 ssoccro
1242 5175 1273 5238 Q.
1293 5177 1382 5230 Mucio
1401 5177 1528 5230 Scaevola
1547 5177 1607 5230 Cos.
1630 5179 1681 5230 117

1864 3015 1865 3038 l

1864 3407 1865 3434 l

1862 3441 1865 3458 t
