3742 5826
614 515 912 572 oassavnmoass
929 518 1049 572 amaa.
1068 519 1133 570 vu.
1464 504 1534 576 135

208 687 258 748 Ex
283 706 409 766 corpore
433 687 536 765 aliquo
560 688 704 761 militurn,
731 691 860 748 maxime
881 711 898 751 e
919 691 1037 769 legione
1059 691 1162 768 aliqua
1181 691 1275 752 lectos
1306 694 1344 752 ad
1371 695 1537 772 expeditio·

209 808 277 848 uem
302 789 524 865 suscipiendam
552 789 698 866 appellari
720 789 895 850 vexillarios
918 801 1020 851 notum
1042 792 1143 869 est¹)‚
1170 793 1242 852 item
1263 795 1453 872 praepositos
1475 795 1538 854 fere

209 899 242 948 ut
266 890 356 950 duces
381 889 527 966 appellari
553 908 621 964 eos,
646 892 699 967 qui
724 891 889 950 vexillariis
915 892 978 970 illis
1001 913 1057 970 pro
1084 901 1218 970 tempore
1243 906 1400 971 praesunt,
1428 897 1481 956 sed
1503 905 1538 955 ut

209 990 293 1049 ducis
320 990 483 1068 appellatio
509 991 751 1051 honorificentior
776 991 814 1051 de
841 993 983 1052 senatorii
1009 994 1123 1054 ordinis
1144 995 1216 1056 viris
1242 997 1426 1073 frequentius
1451 1014 1538 1057 usur·

208 1099 306 1168 petar,
331 1092 496 1170 praepositi
523 1093 622 1152 miuus
647 1092 805 1170 splendida
829 1093 1007 1172 plerumque
1033 1095 1072 1153 ad
1096 1096 1242 1171 equestris
1265 1097 1379 1156 ordinis
1401 1098 1538 1156 homines

209 1191 402 1268 referamrt).

365 1295 424 1365 12.
478 1290 612 1368 Comes
638 1293 797 1392 Augusti
823 1293 951 1370 nostri.

292 1412 361 1472 Hoc
381 1414 531 1492 pertinere
553 1423 583 1474 et
603 1415 702 1492 ipsum
724 1416 763 1474 ad
777 1415 999 1494 expeditionem
1015 1413 1226 1476 Germanicam
1240 1418 1330 1477 modo
1346 1418 1486 1478 vidimus.
1499 1451 1537 1462 -

209 1513 297 1588 Quae
317 1515 354 1573 de
375 1515 535 1575 comitibus
557 1525 588 1576 et
608 1517 741 1577 melioris
763 1516 913 1593 aetatisi)
937 1524 967 1577 et
981 1515 1289 1595 Constantinianae4)
1312 1519 1385 1578 alibi
1401 1520 1539 1597 exposui,

209 1632 269 1674 nou
290 1625 435 1694 repetam:
458 1615 516 1676 boc
536 1616 644 1676 addam
667 1618 726 1676 iam
748 1617 836 1676 lertio
857 1617 978 1676 saeculo
999 1619 1124 1676 inveniri
1147 1622 1272 1678 comitem
1294 1621 1475 1678 domesticam
1491 1639 1537 1678 or·

210 1718 287 1776 dinis
303 1720 394 1794 primi
413 1716 449 1776 1..
471 1717 645 1778 Nummium
665 1718 811 1778 Albinum
832 1719 984 1779 consulem
1006 1719 1188 1778 ordinarium
1211 1739 1237 1778 a.
1253 1719 1313 1778 146
1329 1719 1485 1796 112635),
1507 1721 1538 1778 in

210 1817 297 1878 titulo
312 1825 420 1892 tamea,
442 1819 493 1895 qui
514 1819 700 1896 aliquantum
721 1829 791 1896 post
812 1826 937 1879 mortem
959 1820 1114 1878 dedicatus
1136 1837 1205 1879 esse
1219 1819 1355 1880 videatur
1376 1829 1406 1879 et
1427 1820 1539 1896 aliquid

210 1920 341 1978 traxisse
362 1937 402 1978 ex
424 1919 623 1980 locutionibus
645 1920 753 1980 aetatis
776 1919 972 1998 sequioris⁶).
1017 1917 1096 1980 Sane
1117 1921 1206 1979 trium
1228 1920 1366 1978 ordinum
1388 1921 1539 1980 distinctio

209 2038 264 2095 per
289 2037 321 2079 se
348 2020 423 2081 satis
449 2022 572 2097 antiqua
596 2039 664 2080 cum
689 2021 824 2099 legitima
848 2022 927 2080 iacta
953 2019 993 2079 sit
1019 2039 1073 2097 per
1094 2018 1325 2079 Constantinum
1348 2021 1482 2093 demum,
1507 2021 1539 2078 iu

209 2119 305 2180 titulis
330 2120 384 2180 illo
408 2121 474 2181 solo
500 2131 626 2199 excepto
653 2129 714 2180 tres
740 2122 860 2181 ordines
886 2127 1031 2197 aquario
1052 2121 1172 2180 demum
1194 2121 1315 2179 saeculo
1337 2122 1538 2181 enuntiantur.

210 2220 336 2282 Comitis
358 2222 513 2282 domestici
533 2233 632 2282 autern
653 2223 817 2300 appellatio
838 2223 917 2282 baud
940 2222 1004 2282 scio
1024 2240 1063 2280 au
1078 2222 1110 2281 in
1123 2221 1182 2280 boc
1197 2222 1264 2280 solo
1279 2220 1365 2280 titulo
1381 2221 1537 2298 legaturl)

209 2323 445 2401 crediderimque
472 2323 569 2402 magis
597 2324 800 2384 condicionem
829 2322 884 2382 viri
911 2323 1112 2402 potentissimi
1139 2330 1169 2382 et
1194 2322 1232 2381 ad
1257 2322 1362 2380 intima
1383 2330 1499 2382 secreta
1520 2340 1539 2378 a

209 2425 393 2503 principibus
421 2425 546 2485 adhibiti
571 2426 615 2486 ita
641 2446 660 2485 a
684 2426 813 2502 posteris
836 2425 900 2483 eius
922 2424 1086 2504 significari
1107 2442 1198 2501 quam
1219 2441 1274 2499 pro
1297 2423 1443 2482 vocabulo
1464 2422 1539 2500 legi·

210 2527 281 2586 timo
303 2527 334 2586 id
356 2527 502 2604 usurpari.

364 2627 424 2698 13.
477 2622 637 2725 Legatos
659 2625 818 2725 Augusti
843 2651 912 2725 pro
939 2635 1111 2724 praetore
1137 2621 1349 2725 provinciae
1374 2621 1536 2696 Raetiae.

292 2747 400 2807 Raetia
421 2746 575 2825 provincia
596 2767 662 2807 cum
684 2756 773 2808 antea
793 2747 850 2807 sub
871 2747 1115 2824 procuratoribus
1136 2747 1258 2818 fnisset,
1280 2751 1399 2822 postea,
1422 2752 1452 2803 et
1472 2743 1538 2820 qni·

208 2849 276 2908 dem
297 2850 329 2909 ni
348 2849 439 2910 fallor
460 2869 479 2908 a
500 2849 611 2923 Marco,
630 2849 779 2927 legionem
788 2850 992 2928 'legatumque
1014 2848 1129 2926 accepit
1150 2845 1211 2923 (111
1233 2864 1262 2923 p.
1277 2845 1377 2922 707).
1406 2842 1537 2905 Sabinus

286 3144 310 3207 ¹)
338 3143 418 3197 Orell.
432 3143 503 3196 3569
523 3161 557 3186 π
575 3144 660 3195 4952:
680 3141 739 3193 trib.
760 3142 813 3193 mil.
832 3141 881 3209 leq.
894 3139 939 3192 IX
955 3137 1066 3210 Hispan.
1085 3139 1245 3192 aaaillarior.
1264 3136 1372 3188 eiusdem
1390 3137 1417 3187 in
1436 3135 1536 3204 capedi-

209 3239 277 3288 tione
297 3235 454 3288 Germanica.
492 3235 598 3286 Tacltns
622 3235 682 3286 bist.
701 3236 727 3296 8,
743 3236 808 3285 1001
832 3250 883 3284 ana
907 3241 932 3284 et
954 3233 1089 3284 omeneina
1112 3245 1198 3299 rapae
1220 3236 1245 3281 et
1262 3230 1350 3296 prima
1368 3226 1464 3278 Italica
1482 3243 1536 3279 cum

209 3329 354 3380 canillas-iis
372 3328 447 3378 Mum
459 3325 666 3378 Britannicarum
685 3325 808 3392 legionum
825 3332 850 3375 el
868 3324 954 3376 electris
970 3323 1083 3374 auxiliis.
1114 3322 1240 3376 Similiter
1252 3321 1357 3386 ponitur
1368 3320 1446 3369 etiam
1459 3317 1538 3368 cecil-

211 3421 260 3470 iam
279 3420 352 3483 (Tac.
366 3419 425 3470 hist.
441 3422 465 3480 1,
480 3419 524 3469 81.
540 3421 566 3480 8,
581 3419 624 3469 89.
642 3416 703 3477 100)
723 3424 749 3466 11
767 3416 900 3467 vacillatio
920 3415 1037 3477 (Henzen
1050 3414 1134 3464 5456:
1149 3412 1313 3478 praepositas
1331 3407 1538 3462 restitutionibus

209 3512 340 3562 milliariis
359 3508 439 3561 tribua
456 3508 612 3577 expeditione
630 3506 793 3559 Brittanniae
811 3507 860 3572 leq.
879 3503 933 3556 Vll
948 3507 1038 3573 gemin.
1058 3501 1129 3554 VIII
1145 3503 1213 3571 Aug.
1232 3499 1320 3551 XXII
1334 3499 1456 3567 primia).

285 3600 310 3665 ²)
339 3601 380 3654 Ci.
404 3602 541 3652 natael.
561 3601 636 3652 Fabii
656 3600 755 3651 Cilonis
775 3598 886 3661 (Marini
904 3597 964 3648 iser.
984 3594 1044 3646 Alb.
1063 3611 1089 3662 p.
1104 3594 1163 3655 50):
1187 3592 1248 3643 duci
1265 3590 1349 3642 rasili.
1365 3605 1415 3657 per
1432 3586 1537 3638 Italiam

209 3696 332 3746 1111111111
353 3695 412 3761 imp.
434 3690 522 3744 Severi
597 3691 747 3759 praeposito
766 3686 922 3740 vexillarios.
942 3685 1060 3738 Perinthi
1075 3683 1214 3754 pergentib.
1252 3682 1377 3736 Similiter
1399 3681 1464 3732 alter
1483 3681 1536 3728 dux

210 3787 300 3841 Severi
318 3785 360 3836 ui.
381 3785 505 3838 Claudius
524 3783 656 3836 Candidas
672 3783 707 3833 in
732 3780 843 3847 equestri
868 3781 959 3832 ordine
983 3778 1135 3830 constitutus
1154 3773 1318 3843 praepositus
1340 3773 1390 3823 tuit
1407 3771 1537 3838 copiarum

209 3877 375 3946 1111111111ηὴ
400 3875 562 3928 Germanicae
589 3871 724 3934 secandae,
754 3873 849 3922 deinde
874 3873 942 3922 inter
967 3877 1099 3922 senatores
1126 3869 1220 3918 relatus
1247 3865 1300 3915 duc
1326 3871 1396 3914 terra
1423 3862 1535 3928 marique

210 3970 257 4032 (11,
271 3971 344 4020 4114
357 3987 391 4012 --
404 3968 484 4021 Orell.
499 3967 571 4028 798).
603 3967 635 4017 Iu
655 3963 728 4014 titulo
740 3964 890 4016 Viruniensi
909 3964 960 4025 ΠΙ,
974 3962 1046 4013 taso
1066 3961 1166 4026 reperio
1185 3957 1370 4024 primipilarem
1389 3953 1473 4004 dacem
1486 3951 1534 4019 leq.

211 4060 349 4122 1111a1.,
375 4060 461 4111 ducem
483 4066 509 4109 et
523 4055 714 4125 praeplacitam)
733 4055 781 4121 leq.
800 4051 851 4104 111
867 4053 936 4120 Aup.
973 4053 1015 4104 De
1037 4051 1175 4118 praepositi
1200 4049 1373 4114 appellatione
1395 4047 1448 4111 egit
1464 4046 1533 4096 Hen-

210 4169 288 4204 tenus
306 4154 334 4203 in
356 4167 415 4202 ann.
435 4152 495 4202 inst
517 4150 588 4201 1850
606 4165 632 4214 p.
645 4150 681 4198 40
689 4162 757 4212 aeq.,
777 4147 810 4196 de
829 4145 902 4197 dacis
920 4161 968 4211 ego
986 4144 1057 4210 apud
1075 4143 1199 4197 Ssllctum
1218 4139 1259 4190 dia
1277 4137 1386 4189 Frirsten
1405 4154 1453 4188 van
1472 4135 1534 4186 Pal-

210 4261 282 4311 myra
299 4243 393 4306 (1886)
412 4244 439 4293 in
458 4241 600 4308 appendice
617 4247 643 4290 et
661 4240 798 4290 llenaenus
815 4236 893 4288 relae.
913 4236 984 4305 degli
1001 4234 1098 4286 Annali
1115 4232 1209 4295 (1868)
1227 4249 1254 4298 p.
1269 4233 1330 4282 102.

286 4334 312 4397 ⁸)
339 4334 407 4386 Vide
425 4335 537 4384 Hermae
555 4331 638 4382 1114
657 4346 682 4396 p.
698 4332 751 4380 120
759 4344 813 4395 seq.

285 4423 311 4489 ⁴)
338 4427 408 4478 Vide
426 4425 608 4476 memoriarum
626 4423 686 4472 inst.
705 4415 776 4472 arch.
795 4420 876 4470 voli
896 4436 922 4485 p.
935 4419 988 4470 301
998 4433 1052 4482 seq.

285 4517 310 4580 ⁸)
335 4516 610 4576 subsannasset:
634 4507 840 4574 1110111111.
859 4507 975 4560 Nummio
995 4506 1089 4557 Albino
1108 4523 1132 4557 o.
1151 4521 1173 4555 c.
1190 4501 1194 4569 l
1212 4501 1340 4569 quaestori
1357 4497 1502 4557 candidato,
1525 4492 1529 4562 1

205 4611 324 4679 praetori
340 4606 446 4670 artua,
466 4607 551 4660 comiti
569 4603 574 4670 Ι
591 4604 724 4656 domestko
744 4601 842 4654 ordinis
854 4601 936 4668 primi
953 4606 977 4650 et
992 4597 997 4664 1
1013 4595 1111 4648 conniti
1128 4593 1261 4646 ordinario
1279 4586 1387 4654 iteranti
1404 4585 1534 4638 Nunnius
1570 4625 1575 4634 .

211 4701 420 4754 8111111εεί11.
456 4700 567 4762 Titulus,
586 4699 630 4763 qui
649 4697 733 4746 adbuc
751 4700 850 4782 prpstat
868 4693 968 4744 Romae
985 4691 1012 4740 in
1032 4689 1110 4738 domo
1128 4686 1279 4746 Barberina,
1299 4685 1398 4747 integer
1416 4687 1462 4730 est.

285 4793 310 4857 6)
338 4794 424 4844 litium
443 4791 543 4857 signum
562 4805 624 4841 casu
641 4787 754 4839 secando
772 4785 887 4850 legitimo
905 4783 1004 4834 nomini
1023 4778 1208 4846 praescriptum
1226 4781 1317 4842 quarto
1336 4773 1438 4824 saeculo
1451 4771 1533 4835 magis

209 4886 341 4953 proprium
361 4889 400 4934 est
417 4897 494 4949 quam
513 4883 597 4932 tertio.
634 4881 702 4932 Vide
720 4876 887 4942 Borghetium
908 4889 967 4941 opp.
982 4874 1008 4936 3,
1023 4871 1138 4937 nosseq.

286 4973 311 5040 ²)
339 4977 409 5027 Care
426 4973 570 5026 conlaudas
588 4987 647 5023 eum
665 4987 723 5022 cum
742 4971 835 5021 comite
854 4968 1062 5027 domesticorum,
1080 4963 1114 5014 ad
1133 4975 1208 5026 quem
1227 4958 1355 5022 pertinent
1372 4954 1438 5004 tituli
1454 4953 1533 5004 Orell.

211 5071 293 5122 8188.
311 5069 384 5120 3194
407 5067 439 5116 ab
458 5067 581 5117 llenzeno
605 5063 634 5113 iu
657 5062 742 5114 indice
764 5077 790 5128 p.
807 5063 859 5112 114
884 5060 918 5112 sd
942 5059 1060 5109 comitem
1080 5052 1246 5106 domesticum
1268 5048 1350 5099 relati.
1388 5044 1533 5098 Orellianus

211 5169 295 5213 autem
310 5161 382 5212 1154
400 5159 472 5210 cuius
490 5156 587 5210 indolis
604 5155 647 5219 sit,
667 5153 764 5221 patebit
782 5153 806 5204 ei
825 5153 869 5220 qui
887 5149 1006 5216 inspiciet
1025 5146 1170 5212 exemplum
1183 5140 1387 5195 Murstorianum
1401 5139 1464 5199 461,
1478 5137 1504 5187 4.
