3736 5822
176 483 268 536 ss·33
595 479 679 532 VOL.
693 479 709 530 Ι
724 479 1078 542 ANTIQVISSIMARVH.

177 651 219 712 88
239 655 271 712 in
293 652 361 710 basi
382 649 510 709 rotunda
530 651 647 726 pineae.
690 651 857 710 Praeneste
878 652 960 729 apud
980 652 1179 712 Bonanninm.

704 801 978 846 c·ancur·r·r

176 921 342 1000 Descripsit
364 921 620 997 Trendelenburg.

177 1127 220 1188 29
245 1129 278 1186 in
304 1129 439 1206 margine
464 1128 605 1186 inferiore
631 1128 715 1186 basis
740 1127 885 1186 rotundae
911 1129 1026 1204 pineae.
1069 1129 1233 1190 Praeneste
1258 1132 1501 1193 1111181811-

215 1227 369 1288 beriniano
390 1247 453 1303 rep.
477 1249 503 1287 a.
521 1227 611 1286 1863.
654 1227 755 1287 Hodie
776 1229 856 1305 apud
877 1229 1077 1288 Bonannium.

757 1379 770 1421 ir
786 1393 792 1407 ·
809 1379 919 1423 Anteio

176 1497 337 1558 Henzenus
358 1498 440 1557 Ball.
466 1498 544 1557 1863
566 1518 597 1576 p.
615 1497 672 1555 123
696 1517 715 1556 a
736 1495 900 1557 Cicerchia

215 1600 341 1659 Anicios
361 1599 575 1658 Praenestinos
598 1598 675 1658 alios
698 1600 789 1659 habes
814 1600 841 1672 1,
858 1599 990 1659 75-77.

178 1804 225 1865 80
250 1808 282 1865 in
306 1807 374 1882 ipsa
398 1806 488 1881 pines
511 1805 622 1865 litteris
648 1824 753 1882 parum
775 1807 865 1865 certis
909 1807 1073 1866 Praeneste
1094 1808 1125 1866 in
1147 1809 1235 1866 vinea
1255 1809 1408 1871 Dominici
1421 1799 1504 1871 'Cec-

217 1907 282 1965 coni
304 1906 395 1966 adfini
417 1907 521 1966 vineae
543 1925 572 1983 q.
596 1907 625 1965 d.
648 1908 678 1965 la
703 1907 884 1966 Oolomdella.
927 1907 1026 1966 Hodie
1048 1908 1128 1984 apud
1148 1908 1350 1970 Bonanniam.

672 2056 752 2101 mtto
768 2071 776 2086 ·
791 2057 895 2100 antem
910 2071 917 2086 ·
934 2059 953 2101 C
967 2071 975 2086 ·
991 2059 1007 2100 P

178 2176 323 2253 Ectypum
339 2177 419 2237 misit
429 2176 590 2236 Henaenus
606 2187 760 2252 acceptum
775 2195 794 2234 a
805 2177 845 2234 D.
857 2177 1015 2237 Bonanoio
1030 2178 1183 2254 ediditque
1198 2178 1280 2238 Ball.
1297 2179 1376 2238 1866
1391 2199 1419 2256 p.
1437 2182 1503 2240 135.

218 2277 512 2354 Trendelenburgius
534 2277 653 2353 excepit
674 2278 732 2336 sic:
755 2293 831 2337 ramo
844 2307 851 2322 ·
862 2281 953 2337 arilia
964 2307 970 2322 ·
983 2294 1020 2338 c·
1033 2281 1070 2336 at.

181 2483 219 2544 81
242 2488 273 2545 in
296 2485 431 2562 margins
458 2485 613 2562 superiore
641 2485 724 2543 basis
746 2485 892 2543 rotundae
914 2485 1029 2560 pineae.
1073 2485 1237 2545 Praeneste
1258 2487 1289 2545 in
1310 2487 1403 2545 fundo
1425 2489 1505 2546 dicto

218 2587 248 2644 la
272 2586 443 2646 Colombella
470 2604 532 2661 rep.
560 2605 599 2644 m.
623 2583 704 2663 Sept.
733 2603 760 2643 a.
779 2586 868 2644 1868.
912 2585 1012 2644 Hodie
1037 2585 1069 2645 in
1093 2586 1187 2645 fundo
1209 2586 1428 2646 Barberiniano
1455 2589 1505 2665 qui

218 2687 326 2746 dicitur
346 2690 377 2746 ai
394 2690 484 2762 prati.
691 2754 695 2762 ¹

675 2783 1011 2827 c·anrorr10·m·s

182 2901 339 2964 Hennenus
362 2905 400 2963 ad
422 2914 564 2980 eotypum
585 2903 711 2962 missum
733 2922 752 2961 a
774 2903 813 2962 D.
837 2903 994 2964 Bonannio
1016 2904 1099 2963 Ball.
1125 2905 1203 2964 1869
1226 2924 1255 2982 p.
1276 2904 1343 2964 165.

219 3005 256 3063 In
276 3005 377 3082 lapide
399 3013 446 3064 est
465 3019 564 3077 m·r,
587 3023 648 3062 non
670 3020 753 3062 Μ.

184 3209 225 3270 82
245 3213 275 3270 in
298 3211 364 3270 basi
386 3211 534 3287 quadrata
554 3210 671 3287 pineae.
712 3209 788 3285 Rep.
810 3211 975 3272 Praeneste
998 3231 1017 3270 a
1040 3211 1210 3272 Galeassio.

713 3359 968 3405 nanctus·c·s
998 3393 1000 3400 .

182 3481 328 3560 Ectypum
353 3480 436 3539 misit
455 3479 618 3539 Henzenns
640 3490 794 3557 acceptum
816 3498 835 3536 a
856 3478 1021 3551 Cicerchia‚
1045 3479 1083 3537 ad
1104 3478 1186 3554 quod
1208 3479 1302 3538 edidit
1322 3479 1403 3540 Ball.
1430 3481 1509 3538 1864

182 3601 208 3660 p.
223 3583 272 3642 21.

182 3787 224 3848 88
250 3790 282 3847 in
306 3789 374 3848 basi
401 3787 549 3864 quadrata
570 3788 686 3864 pineae.
729 3787 894 3847 Praeneste
914 3807 977 3865 rep.
999 3787 1030 3845 in
1052 3786 1146 3845 fundo
1168 3805 1196 3862 q.
1219 3787 1247 3845 d.
1272 3788 1302 3845 la
1325 3786 1508 3859 Columbelln,

221 3889 309 3949 hodie
330 3893 362 3947 at'
378 3893 471 3964 prati.

740 3986 831 4029 arus
845 3999 852 4014 ·
867 3989 909 4028 Α·
930 3986 947 4027 1

813 4085 879 4128 asts

179 4170 349 4250 Descripsit
370 4171 626 4250 Trendelenburg.

221 4271 583 4350 [11111111111111163
608 4292 643 4332 eo
666 4272 785 4332 nomine
807 4272 955 4330 notabiles
978 4279 1064 4342 sunt,
1085 4271 1167 4347 quod
1189 4289 1355 4348 cognomen
1377 4273 1511 4332 mulieris

174 4373 290 4434 habent
315 4384 388 4451 post
408 4373 594 4450 gentilicium
617 4374 675 4432 soli
697 4392 735 4431 ex
758 4371 965 4430 Praenestinis
987 4372 1045 4430 his.
1088 4370 1168 4430 Nam
1190 4382 1346 4450 praeterea
1367 4391 1445 4448 quae
1467 4375 1512 4431 in-

174 4477 340 4535 veniuntur
360 4475 519 4536 mulierum
539 4475 662 4534 nomina
682 4482 801 4551 praeter
815 4472 1008 4550 gentilicium,
1032 4472 1058 4530 ei
1074 4483 1307 4549 praeponuntur,
1329 4482 1362 4531 nt
1376 4472 1512 4532 Ecclesia

174 4575 201 4646 1,
217 4575 273 4646 943
299 4574 379 4635 Gaio
400 4575 481 4652 (eph.
497 4576 536 4634 49
559 4574 597 4634 cf.
619 4595 649 4633 n.
667 4574 736 4651 69);
762 4573 877 4644 amna,
895 4573 1025 4632 sortasse
1046 4591 1101 4648 pro
1125 4571 1253 4645 Gemina,
1275 4572 1301 4645 1,
1317 4565 1373 4642 993
1399 4572 1513 4632 Graeca

173 4675 203 4746 Ι,
222 4675 296 4749 155;
315 4674 451 4750 Lana),
474 4675 500 4734 si
516 4675 621 4734 titulus
635 4682 715 4742 recta
730 4675 825 4733 lectus
841 4681 896 4746 est,
919 4675 987 4750 eph.
1004 4673 1057 4744 903
1080 4673 1174 4744 Maio,
1192 4673 1211 4730 i.
1225 4691 1250 4730 1.
1266 4670 1376 4744 Maior,
1397 4671 1423 4745 1,
1443 4673 1511 4733 108.

180 4775 252 4834 159.
282 4775 350 4850 eph.
372 4774 583 4835 36181187
609 4775 647 4835 11.
668 4776 724 4846 73;
752 4774 853 4832 Maria
873 4775 903 4846 Ι,
922 4774 989 4832 149.
1019 4774 1085 4850 eph.
1108 4773 1163 4843 643
1190 4771 1290 4842 Mino,
1316 4773 1337 4830 i.
1353 4791 1378 4831 e.
1401 4772 1512 4844 Minor,

176 4873 210 4946 1,
228 4873 280 4933 78.
301 4874 351 4932 97.
369 4875 437 4932 153.
461 4875 529 4935 161.
551 4875 620 4950 eph.
641 4877 689 4932 44.
712 4875 766 4947 8ος
794 4875 893 4932 Radia
913 4874 943 4945 1,
961 4874 1073 4944 15011;
1100 4873 1180 4930 Prtia
1202 4873 1251 4930 vel
1275 4872 1350 4931 Tert.
1375 4875 1442 4950 eph.
1462 4874 1512 4932 51.
1640 4867 1644 4874 ’

181 4973 256 5032 108.
299 4972 385 5032 Hace
405 4975 560 5034 mulierum
582 4975 717 5048 nomina,
739 4976 765 5035 si
787 4975 921 5051 excipias
946 4973 1041 5034 Gaiae
1064 4982 1093 5031 11
1114 4972 1235 5032 Tertiae
1258 4982 1288 5032 11
1308 4972 1430 5033 dubium
1453 4973 1511 5031 Lu·

180 5072 265 5144 cias,
287 5088 349 5130 non
370 5081 515 5148 notantur,
538 5074 593 5134 sed
614 5077 846 5149 perscribuntur,
869 5095 937 5135 cum
961 5076 1093 5134 virorum
1119 5073 1314 5151 praenomina
1334 5075 1438 5152 paucis
1461 5089 1512 5130 ex·
