3742 5826
363 1695 446 1806 ltu
465 1689 941 1806 PROVINCIARVM
958 1669 1360 1804 ROMANARVM
1383 1685 1687 1802 concisus

737 1863 818 1974 ΕΤ
845 1858 1320 1976 SACERDOTIBVS.

922 2149 1126 2160 *—

444 2364 522 2424 Plus
543 2361 648 2439 viginti
668 2361 739 2421 anni
761 2367 845 2432 sunt,
871 2379 910 2420 ex
932 2379 991 2438 quo
1012 2360 1215 2421 Mommsenus
1236 2361 1274 2420 de
1295 2360 1515 2439 provinciarum
1537 2359 1689 2422 Romana·

361 2485 427 2527 rum
455 2464 590 2524 conciliis
618 2470 648 2521 et
674 2462 880 2522 sacerdotibus
909 2462 941 2520 iu
966 2461 1120 2521 Analectis
1145 2461 1347 2541 epigraphicis
1374 2483 1402 2522 n.
1425 2463 1453 2520 8.
1474 2461 1492 2520 9
1519 2481 1597 2539 quae
1623 2471 1687 2522 tum

364 2575 435 2626 nota
460 2572 546 2625 erant
571 2565 657 2622 docte
683 2574 714 2621 et
738 2564 891 2640 eleganter
912 2563 1090 2641 composuit.
1133 2562 1209 2622 Inde
1230 2564 1268 2622 ab
1289 2581 1325 2622 eo
1346 2573 1479 2640 tempore
1500 2562 1586 2622 multi
1608 2563 1688 2622 tituli

361 2669 554 2728 innotuerunt
581 2665 620 2723 ad
647 2664 726 2724 idem
753 2671 959 2741 argumentum
986 2665 1185 2741 pertinentes,
1214 2665 1321 2741 quibus
1345 2664 1423 2723 inter
1448 2682 1482 2724 se
1508 2665 1688 2742 comparatis

362 2786 466 2827 omnes
491 2765 661 2843 provincias
688 2781 744 2824 sus
770 2765 897 2823 concilia
922 2781 1018 2840 eaque
1042 2765 1149 2823 iisdem
1170 2766 1233 2824 fore
1253 2765 1368 2842 legibus
1388 2765 1528 2824 instituta
1548 2765 1689 2824 habuisse

362 2877 502 2946 apparet,
523 2875 637 2925 utnon
660 2865 814 2924 videamur
834 2883 948 2938 errare,
971 2866 1013 2936 si,
1033 2883 1110 2942 quae
1131 2865 1161 2922 in
1184 2883 1242 2925 una
1263 2867 1420 2944 provincia
1439 2867 1600 2926 observata
1620 2883 1690 2926 esse

361 2969 504 3048 legimus,
530 2967 561 3026 in
588 2966 694 3024 ceteris
720 2983 839 3042 quoque
865 2965 894 3022 in
921 2982 978 3024 usu
1005 2965 1099 3025 fuisse
1126 2967 1351 3028 coniecerimua.
1395 2965 1484 3040 Quod
1499 2975 1545 3036 hut
1566 2968 1688 3034 demon·

362 3080 506 3142 stremus,
534 3066 661 3145 primum
683 3084 760 3142 qaae
781 3072 903 3125 exstant
922 3067 960 3126 de
982 3067 1111 3146 singulis
1131 3068 1294 3146 provinciis
1315 3069 1487 3128 testimonio
1506 3087 1567 3128 non
1588 3068 1689 3127 omnia

364 3171 482 3250 quidem
504 3203 546 3213 -
567 3169 624 3228 hoc
645 3169 724 3227 enim
746 3185 806 3226 non
827 3166 1002 3246 profitemur
1024 3199 1061 3211 -
1085 3168 1138 3227 sed
1160 3179 1241 3227 certa
1257 3177 1288 3228 et
1301 3171 1461 3247 potissima
1474 3187 1689 3247 proponemus,

362 3272 468 3332 deinde
489 3289 566 3348 quae
587 3289 626 3328 ex
646 3270 694 3328 his
716 3269 894 3328 testimoniis
917 3268 1094 3342 efficiuntur,
1122 3269 1251 3328 breviter
1271 3270 1457 3347 colligemus.
1501 3274 1548 3331 Ac
1568 3269 1689 3350 provin·

363 3375 476 3433 ciarum
498 3371 617 3448 quidem
639 3370 765 3429 concilia
786 3377 817 3429 et
838 3370 1007 3430 sacerdotia
1026 3371 1102 3430 haec
1123 3379 1407 3432 commemorantur:

449 3476 477 3532 1.
519 3472 677 3532 Hrsrsum
704 3486 852 3530 crramoa
878 3472 941 3531 sive
964 3472 1241 3532 Tsanacoususrs.
1288 3473 1352 3532 Ara
1376 3474 1509 3552 Augusti
1534 3474 1593 3533 iam
1619 3474 1690 3533 vivo

362 3579 542 3652 imperatore
564 3572 736 3631 Tarracone
756 3572 920 3630 constituta
941 3570 1071 3648 (Eckhel
1094 3572 1120 3642 l,
1136 3572 1187 3632 58.
1209 3571 1318 3632 Florer
1339 3571 1513 3634 medalloai
1535 3574 1622 3634 t44.
1638 3574 1688 3633 45.

363 3675 490 3751 Quintil.
506 3673 534 3748 6,
550 3674 580 3746 3,
597 3673 651 3748 77)
673 3673 816 3750 templum
831 3673 897 3730 eius
912 3679 1097 3732 exstructum
1112 3682 1158 3734 est
1175 3693 1203 3731 a.
1218 3674 1255 3733 15
1270 3694 1300 3751 p.
1317 3671 1388 3734 Chr.
1411 3675 1497 3751 (Tac.
1512 3693 1580 3734 ann.
1599 3675 1626 3746 l,
1639 3674 1688 3734 78.

363 3777 400 3836 ci.
422 3774 572 3853 Spartian.
589 3773 683 3832 Hadr.
702 3773 749 3830 12.
773 3771 874 3834 Seuer.
891 3772 933 3847 3).
970 3772 1044 3831 Inde
1066 3772 1104 3831 ab
1125 3774 1184 3832 hoc
1205 3784 1338 3852 tempore
1359 3775 1416 3834 fuit
1428 3776 1602 3836 Tarracone
1623 3793 1690 3834 con·

363 3879 461 3938 cilium
480 3878 644 3952 provinciae
658 3874 823 3950 Hispaniae
844 3876 983 3931 citerioris
1005 3872 1060 3949 (11,
1075 3872 1166 3933 4127.
1189 3873 1280 3934 4230.
1303 3873 1395 3935 4246.
1417 3876 1499 3935 4255
1521 3877 1559 3936 cf.
1580 3875 1688 3950 4055),

360 3989 476 4038 carator
496 3975 592 4052 templi
613 3973 734 4050 (4202),
756 3973 884 4050 denique
906 3975 1093 4033 sacerdotium
1112 3974 1293 4053 provinciae,
1316 3976 1353 4036 de
1374 3995 1434 4054 quo
1449 3976 1607 4056 diligenter
1626 3977 1689 4056 egit

361 4071 543 4138 Huebnerus
565 4074 696 4133 Hermae
717 4074 778 4134 vol.
795 4075 821 4147 1,
839 4075 980 4151 lllsqq.‚
1003 4073 1039 4134 C.
1053 4076 1078 4134 1.
1092 4075 1130 4135 L.
1145 4076 1178 4134 11
1198 4095 1228 4154 p.
1245 4076 1314 4135 540.
1330 4077 1401 4136 541.
1437 4077 1619 4155 Appellatur
1640 4075 1690 4136 hic

362 4176 503 4238 sacerdos
525 4175 616 4234 variis
637 4175 821 4234 nominibus:
847 4178 982 4234 cacerdoa
1002 4177 1110 4236 Romae
1131 4185 1157 4236 et
1177 4176 1254 4252 Auq.
1272 4196 1305 4254 p,
1328 4177 1369 4236 Η.
1391 4195 1415 4237 o.
1437 4177 1564 4254 (4248),
1581 4179 1688 4252 flamm

360 4280 469 4338 Bomos
490 4274 606 4351 etAup.
625 4294 657 4350 p.
671 4275 712 4332 H.
736 4295 759 4335 c.
783 4273 905 4352 (4225),
919 4278 1027 4352 flamen
1040 4277 1148 4336 Romae
1173 4288 1201 4336 ct
1221 4278 1297 4353 Any.
1320 4276 1443 4354 (4224),
1456 4281 1566 4354 flamen
1578 4279 1690 4338 Rornae

362 4382 492 4439 divorum
512 4387 537 4438 ct
551 4376 745 4452 Aapaatorum
761 4396 794 4453 p.
809 4377 851 4436 H.
874 4395 897 4436 o.
921 4375 1026 4454 (4205.
1043 4375 1133 4437 4228.
1149 4377 1240 4437 4235.
1256 4376 1348 4437 4243.
1364 4377 1457 4438 4247.
1471 4377 1563 4437 4249.
1579 4377 1688 4454 4250),

354 4484 462 4556 flamen
483 4480 591 4538 Romae
612 4487 638 4535 et
659 4479 787 4537 diacum
809 4477 1001 4554 Aupaatoram
1017 4496 1051 4554 p.
1072 4477 1113 4536 H.
1136 4496 1159 4536 c.
1185 4476 1311 4556 (4191),
1330 4481 1440 4554 flauam
1460 4480 1589 4537 divorum
1610 4477 1688 4554 Aaq.

357 4601 390 4658 p.
418 4581 459 4639 H.
486 4599 510 4638 c.
540 4577 667 4654 (4239),
688 4579 795 4652 flamen
822 4577 994 4654 Aupaatolia
1018 4597 1052 4654 p.
1081 4577 1121 4636 H.
1151 4599 1175 4638 o.
1204 4577 1331 4655 (4223),
1354 4581 1464 4656 flamen
1492 4578 1689 4655 Aapactotuta

356 4685 487 4757 provino.
509 4678 550 4737 Η.
573 4698 596 4738 c.
620 4677 746 4755 (3329),
769 4682 878 4754 flamen
894 4697 926 4754 p.
950 4677 990 4736 H.
1013 4696 1036 4738 c.
1059 4677 1156 4753 (4220
1182 4687 1212 4739 et
1233 4679 1380 4757 saepius).
1423 4675 1601 4752 Quod-una
1618 4697 1686 4738 cum

360 4781 479 4840 flamine
508 4779 675 4840 sacerdotio
702 4779 837 4856 iungitur
863 4799 942 4840 uxor
969 4780 1033 4839 eius
1055 4782 1205 4858 flammica
1231 4780 1341 4857 (4198.
1363 4779 1456 4840 4233.
1478 4778 1571 4840 4236.
1594 4776 1689 4838 4241.

361 4879 453 4940 4242.
474 4881 565 4940 4246.
585 4879 683 4955 4252)
705 4897 742 4939 eo
763 4879 884 4940 demum
909 4890 1043 4958 tempore
1063 4888 1165 4957 potest
1185 4881 1351 4941 institutum
1373 4898 1454 4952 esse,
1476 4899 1537 4957 quo
1557 4879 1690 4939 feminae

360 4999 482 5058 quoque
502 4988 694 5041 consecratae
716 4990 784 5039 sunt
805 4980 856 5056 (ef.
872 4979 911 5040 Ο.
926 4980 1100 5042 Hirschfeld
1116 4981 1226 5041 Annali
1244 4980 1323 5041 1866
1345 5000 1374 5057 p.
1390 4981 1453 5058 48),
1475 4981 1506 5040 id
1527 4979 1607 5058 quod
1628 4980 1690 5056 pri·

361 5099 441 5140 mum
467 5081 593 5160 contigit
617 5080 715 5140 Iuliae
740 5080 897 5157 Augustae
924 5078 1023 5156 (Suet.
1046 5078 1151 5140 Claud.
1170 5083 1222 5154 ll;
1245 5079 1360 5142 Seneca
1379 5082 1497 5160 apocol.
1520 5081 1551 5155 9,
1569 5080 1602 5152 53
1625 5078 1690 5139 Dio

361 5179 448 5241 Cass.
471 5181 522 5254 60,
536 5182 586 5260 5),
612 5191 718 5260 postea
738 5179 853 5255 multis,
878 5165 955 5259 quae
976 5192 1131 5243 enumerat
1151 5181 1268 5244 Eckhel
1290 5180 1319 5253 8,
1334 5182 1405 5241 463.
