3742 5826
362 529 435 602 212
908 541 1137 606 nanovannr

359 728 485 779 trantur.
530 716 665 791 Quorum
691 713 722 774 in
749 717 843 774 altero
870 713 918 790 (C.
935 715 959 774 l.
976 714 1030 775 Gr.
1053 734 1081 773 n.
1098 714 1195 791 4016)
1216 712 1253 772 Τ.
1283 713 1330 772 Fl.
1354 710 1491 774 Gaianas
1520 715 1687 792 appellatur

360 807 590 897 ἀγωνοθετητας
611 807 665 888 dic,
686 817 739 873 τοῦ
758 839 788 873 τε
809 818 904 874 κοινοῦ
922 818 978 873 τῶν
991 817 1132 874 Γαλατῶν
1153 805 1202 873 καὶ
1223 817 1277 871 τῶν
1297 813 1376 895 ἱερῶν
1393 805 1514 892 ἆιγῶνων
1527 818 1583 874 τῶν
1596 807 1691 892 μιγεί-

356 928 416 978 λων
428 910 632 988 Ἀσκληπιείων
644 908 781 986 Ἰσθμίων
796 910 915 974 Πυθίων
936 906 984 974 urci
1005 904 1155 999 ἄρχνερεῶς
1176 917 1228 973 τοῦ
1247 917 1341 973 κοινοῦ
1359 918 1414 972 τῶν
1428 919 1577 984 Γαλατῶν,
1591 922 1690 974 Γαλα-

361 1011 484 1104 τάρχητ,
505 1007 773 1096 Σεβαττοφνέντηςς
795 1018 826 1078 iu
847 1018 941 1078 altero
963 1015 1012 1093 (0.
1028 1017 1053 1076 l.
1069 1016 1124 1078 Gr.
1146 1037 1174 1075 u.
1192 1016 1287 1092 4031)
1310 1016 1417 1076 Aelius
1431 1018 1559 1078 Macedo
1572 1019 1688 1078 dicitur

360 1111 607 1205 ἀρχιερατῶμννος
626 1121 678 1176 τοῦ
698 1120 789 1178 κῶνον
811 1119 1034 1186 sacratarum,
1053 1109 1262 1201 Γνλνντῶρχητ,
1284 1109 1529 1193 σεβαττοφᾶντητ
1550 1113 1598 1176 dal
1618 1111 1688 1182 Βιόν

359 1225 414 1279 τῶν
442 1217 523 1288 θεῶν
550 1211 723 1286 §adomnia
765 1217 836 1278 Non
864 1220 986 1278 dubium
1016 1229 1075 1291 est,
1104 1220 1178 1294 quin
1206 1220 1237 1276 in
1267 1219 1367 1295 priora
1393 1219 1586 1295 potissimum
1612 1239 1688 1279 uana

360 1324 433 1382 insit
453 1323 683 1382 honorificarem
705 1321 940 1399 appellationum
961 1321 1132 1380 cumulatio.
1168 1319 1249 1379 Nam
1271 1320 1296 1378 si
1318 1317 1504 1380 Galatarcba
1524 1320 1581 1380 luit
1595 1319 1686 1392 Gaia-

360 1443 435 1496 nus,
462 1424 518 1482 fuit
544 1423 634 1481 etiam
660 1411 845 1496 ἀγωνοθέτης
871 1439 967 1496 neque
993 1421 1023 1479 id
1045 1422 1206 1497 separatim
1227 1440 1299 1497 prae
1322 1438 1355 1480 se
1375 1421 1455 1480 ferre
1474 1420 1584 1480 debuit
1627 1420 1688 1483 Sed

360 1535 475 1584 ceteras
497 1523 658 1602 dignitates
679 1531 758 1582 recte
781 1521 951 1598 distinguet,
973 1523 1026 1597 qui
1048 1522 1225 1594 meminerit,
1246 1522 1284 1581 ad
1299 1521 1497 1586 sacerdotium
1512 1523 1687 1599 provinciae

361 1627 509 1684 nemiuem
529 1623 703 1701 pervenisse
725 1623 783 1682 nisi
804 1624 856 1698 qui
876 1623 907 1681 in
923 1637 979 1682 sua
992 1623 1113 1682 civitate
1128 1623 1267 1682 omnibns
1282 1623 1446 1683 honoribus
1461 1624 1581 1683 iunctus
1596 1633 1686 1683 esset.

362 1725 412 1787 Sic
434 1725 581 1803 Euryclea
607 1725 660 1784 ille
686 1723 766 1800 apud
787 1724 991 1801 Waddingtou
1020 1743 1049 1782 n.
1066 1723 1144 1782 2741
1176 1725 1304 1801 primum
1331 1724 1387 1782 fnit
1412 1719 1564 1808 ἀρχιερεῦτ
1583 1717 1683 1786 'Aricia

361 1826 433 1884 ναῶν
448 1825 544 1884 ruinis
559 1818 680 1909 Σμύρνη,
701 1825 806 1884 deinde
828 1825 999 1903 designatus
1022 1832 1069 1884 est
1090 1819 1242 1908 ἆρχνερτῦς
1255 1827 1305 1896 τῆς
1317 1816 1426 1884 Ἀτίας.
1464 1825 1578 1884 Eodem
1598 1825 1686 1886 modo

359 1937 390 1986 et
412 1926 549 1988 Gaianas
568 1934 601 1994 ¹et
622 1926 748 1986 Macedo
769 1927 898 2003 primum
919 1926 1002 1986 luere
1023 1917 1272 2002 Στβαττνφάντνντ
1295 1919 1341 1983 dni
1362 1918 1447 1994 βίον,
1467 1929 1528 1986 ia.
1551 1927 1687 1986 flamines

359 2030 494 2106 perpetui
522 2029 652 2088 civitatis
674 2031 827 2104 Ancyrae,
855 2029 963 2086 deinde
982 2027 1053 2086 iacti
1074 2037 1143 2086 snut
1164 2023 1307 2110 ἀρχιερεῖς
1326 2029 1378 2084 τοῦ
1398 2030 1491 2086 κοινοῦ
1510 2029 1565 2085 τῶν
1586 2032 1683 2084 Γιννα-

359 2133 429 2198 τνῖν,
454 2131 485 2188 id
512 2137 559 2189 est
585 2129 758 2190 sacerdotes
779 2129 882 2206 templi
904 2129 985 2187 illius
1007 2128 1205 2198 celeberrimi,
1232 2129 1312 2204 quod
1334 2128 1473 2206 Ancyrae
1495 2139 1686 2190 exstruxerat

359 2227 389 2289 ri
412 2226 502 2290 κνινδν
523 2232 675 2297 Γαλατῶν,
701 2231 837 2305 talesque
863 2230 968 2307 templi
996 2228 1167 2288 sacerdotes
1193 2229 1378 2305 intelligendi
1399 2239 1483 2301 sunt,
1509 2230 1609 2306 qualis
1630 2230 1686 2288 luit

359 2327 512 2416 affirmata
530 2323 632 2393 'Arius
653 2333 724 2388 ναοῦ
744 2331 797 2386 τοῦ
816 2329 844 2387 ἐν
865 2321 977 2406 ’Eritis-pr
999 2331 1093 2386 κοινοῦ
1113 2331 1163 2400 τῆς
1181 2322 1284 2388 Ἀννάς
1309 2339 1340 2390 et
1364 2332 1467 2402 ceteri,
1496 2348 1573 2408 quos
1596 2349 1687 2406 supra

358 2435 576 2504 recensuimus;
598 2440 751 2510 postremo
772 2431 864 2490 creati
886 2440 957 2490 sunt
978 2429 1187 2503 Galatarchae,
1210 2437 1244 2489 ut
1266 2431 1340 2490 nihil
1362 2432 1393 2489 in
1414 2433 1461 2490 hia
1483 2431 1684 2508 inscriptioni·

358 2539 413 2596 bns
434 2534 612 2604 inveniatur,
634 2533 715 2610 quod
735 2551 820 2592 meae
841 2533 1005 2591 sententiaa
1026 2534 1138 2611 opponi
1159 2533 1267 2609 possit.
1305 2531 1365 2594 sas
1386 2534 1460 2614 haec
1482 2533 1631 2599 sufficiant
1648 2533 1684 2590 tle

358 2637 503 2696 Asiaticis
524 2635 696 2712 provinciis.

444 2737 491 2795 18.
535 2734 645 2796 Cnsrs
666 2754 734 2792 cum
751 2732 933 2794 Crannsrca
955 2735 1113 2794 coniuncta
1133 2735 1188 2795 fnit
1211 2753 1303 2810 usque
1325 2731 1363 2792 ad
1379 2735 1609 2808 Diocletianum,
1631 2737 1684 2794 sed

359 2856 445 2896 sunm
464 2831 553 2894 κοινὸν
574 2836 690 2908 habuit,
711 2823 799 2894 'cuius
820 2853 927 2894 nomen
950 2836 1125 2911 inscriptum
1147 2845 1195 2894 est
1215 2838 1344 2896 nummis
1367 2834 1554 2898 Cretensium
1576 2837 1644 2896 inde
1666 2856 1685 2894 a

359 2938 483 3002 Tiberio
503 2953 599 3013 usque
621 2935 657 2994 ad
675 2937 715 2994 M.
731 2933 898 2995 Aurelium.
935 2936 1034 2996 Etiam
1057 2944 1128 3014 post
1141 2937 1365 2998 Diocletianum
1385 2937 1416 2996 in
1436 2939 1684 3015 inscriptionibus

358 3039 484 3098 habetur
496 3027 669 3120 Κρητῶρχης
690 3034 739 3110 (0.
755 3037 779 3094 Ῑ.
794 3034 848 3096 Gr.
864 3057 892 3095 n.
907 3036 1013 3113 2744),
1036 3032 1126 3095 norvia
1140 3040 1194 3094 τῶν
1210 3039 1321 3119 Κρητῶν
1343 3038 1397 3113 (ib.
1414 3057 1443 3096 n.
1459 3038 1564 3115 2583),
1587 3028 1683 3115 dissors

357 3139 409 3198 τοῦ
425 3140 520 3197 κοινοῦ
540 3140 590 3208 τῆς
610 3139 724 3216 Κρητῶν
745 3130 891 3218 ἐπαρχίας
912 3138 955 3214 (n.
972 3137 1082 3214 2595),
1106 3128 1204 3216 δέγμνν
1224 3141 1275 3196 τοῦ
1294 3141 1390 3197 κωνοῶ
1409 3130 1506 3208 πάσης
1526 3142 1576 3210 τῶν
1594 3139 1683 3224 ἕταρ-

357 3234 431 3318 χῖας
452 3242 495 3316 (n.
512 3239 602 3300 2596.
625 3237 730 3314 2597).
774 3239 969 3300 Memorabile
995 3249 1053 3311 est,
1080 3239 1161 3317 quod
1185 3241 1217 3299 in
1242 3241 1330 3299 inser.
1353 3257 1383 3298 n.
1399 3239 1480 3300 2583
1503 3258 1683 3300 commemo·

283 3347 284 3352 ’
355 3351 439 3402 ratur
461 3336 534 3425 inpia
555 3334 635 3416 ἇγῶν
657 3334 870 3422 πενταετηρνκδς
889 3341 941 3398 ταῶ
959 3342 1054 3408 nervosi
1074 3342 1128 3397 τῶν
1151 3342 1265 3424 Κρητῶν
1290 3361 1329 3400 cx
1354 3359 1414 3416 quo
1442 3343 1509 3418 quis
1536 3343 1682 3415 coniiciat,

356 3445 460 3520 quinto
485 3460 605 3520 quoque
632 3459 711 3500 anuo
740 3440 898 3500 concilium
926 3440 1113 3501 Cretensium
1143 3458 1211 3500 esse
1236 3441 1380 3500 habitum.
1424 3442 1471 3502 De
1498 3440 1683 3520 Cyrenaicae

356 3544 483 3604 concilio
504 3543 578 3601 nihil
599 3551 702 3602 notum
723 3553 778 3602 est.

442 3646 489 3705 19.
532 3644 710 3702 Pnovrncrs
730 3643 966 3713 Transcurrunt,
988 3661 1065 3718 quae
1087 3643 1206 3721 etipsa
1227 3644 1497 3728 sub9Diocletiano
1519 3647 1681 3706 constituta

355 3755 416 3818 est,
443 3764 552 3804 nomen
579 3745 669 3804 habet
695 3761 714 3800 a
739 3743 870 3802 concilio
892 3743 980 3802 trium
1007 3742 1173 3816 civitatum,
1199 3745 1238 3803 ad
1264 3746 1343 3822 qnod
1365 3747 1554 3822 pertinebant
1574 3745 1680 3823 Leptis

355 3865 478 3926 magua,
510 3845 589 3918 Oea,
623 3843 767 3914 Sabrina,
799 3853 953 3920 praeterea
987 3852 1085 3902 autem
1113 3845 1223 3922 oppida
1251 3846 1406 3925 complura
1430 3848 1555 3906 minora.
1605 3849 1680 3908 Eius

354 3948 470 4007 concilii
492 3954 599 4023 quarto
621 3947 710 4004 etiam
733 3945 853 4003 saeculo
875 3944 1009 4003 meminit
1022 3945 1201 4007 Ammianus
1221 3944 1270 4018 28,
1288 3947 1316 4020 6,
1333 3948 1364 4006 7:
1392 3948 1622 4025 Tripolitani-
1640 3983 1679 3992 -

352 4046 478 4123 udlupao
501 4048 624 4123 legitimo
647 4046 692 4104 dia
713 4045 836 4116 canolii,
859 4047 936 4121 quod
956 4048 1038 4121 opud
1057 4065 1103 4106 eoa
1126 4059 1166 4106 eat
1187 4067 1321 4120 annuum,
1345 4047 1478 4108 savarum
1499 4049 1675 4110 1112155τί5-

352 4166 419 4206 num
440 4164 568 4206 mecvm
589 4146 705 4222 lapaces.

438 4243 486 4305 20.
531 4243 653 4305 Ceteras
675 4246 798 4306 Africae
819 4248 1062 4323 septentrionalis
1084 4249 1271 4325 provincias,
1294 4253 1440 4312 Armenii
1461 4266 1680 4312 rnooousvta·

351 4365 430 4423 nnn,
458 4346 643 4427 anromrr,
672 4348 910 4426 Mavnn'ranrarr
933 4347 1197 4423 cresceremus,
1226 4352 1330 4430 paucis
1360 4353 1516 4412 absolvere
1542 4371 1679 4430 possum,

348 4460 511 4528 postquam
533 4449 570 4508 de
593 4468 694 4508 aarum
717 4458 748 4509 ct
764 4450 899 4509 conciliis
914 4459 945 4512 et
959 4450 1165 4511 sacerdotibus
1179 4452 1408 4531 diligentissime
1422 4453 1484 4530 egit
1499 4453 1536 4513 0.
1553 4453 1679 4522 Hirsch-

348 4551 409 4610 νοω
432 4553 461 4611 n
484 4553 564 4610 nnn.
588 4552 657 4610 msa
680 4551 760 4610 aren.
792 4549 881 4610 nom.
903 4569 929 4610 a.
949 4551 1027 4612 racc
1050 4570 1079 4627 p.
1096 4551 1233 4612 cc-rr.
1589 4531 1593 4538 ’

432 4637 557 4712 Araxos
581 4667 839 4713 rnoeonsvnanrs
866 4652 905 4710 ad
931 4653 1091 4712 concilium
1118 4655 1315 4714 conveniebat
1342 4653 1556 4732 Carthaginem
1587 4653 1676 4730 (Ood.

350 4753 408 4813 Th.
427 4752 605 4826 12,1,145.
624 4753 696 4829 176)
719 4753 965 4829 sacerdotemque
986 4753 1123 4827 habebat,
1145 4755 1198 4832 qui
1219 4756 1341 4834 expleto
1363 4755 1531 4816 sacerdotio
1552 4756 1584 4815 in
1597 4755 1678 4815 ordi·

346 4873 415 4914 nem
436 4855 655 4914 scandentium
674 4854 875 4931 recipiebatur
895 4852 1084 4928 (Hirschfeld
1105 4874 1134 4932 p.
1151 4855 1190 4915 69
1198 4857 1291 4934 sqq.)‚
1312 4873 1440 4933 quornm
1461 4866 1492 4915 et
1511 4859 1542 4918 iu
1560 4857 1678 4935 legibus

348 4952 501 5029 (Gotholr.
523 4953 656 5031 paratitl.
682 4955 721 5014 ad
743 4952 819 5014 Cod.
842 4953 901 5013 Th.
923 4953 1041 5032 16,10)
1066 4964 1097 5015 et
1116 4957 1197 5034 apud
1217 4959 1380 5034 scriptores
1402 4957 1564 5034 (Ammian-
1582 4956 1632 5030 28,
1647 4959 1676 5018 6.

349 5052 401 5128 10)
429 5062 459 5113 et
484 5055 515 5114 in
540 5055 788 5134 inscriptionibus
813 5054 954 5132 frequens
980 5062 1027 5115 est
1052 5057 1173 5118 mentio.
1216 5057 1253 5118 V.
1275 5057 1387 5118 Renier
1408 5059 1503 5122 Iacer.
1526 5061 1561 5118 da
1581 5058 1676 5136 l’Alp.

345 5173 374 5214 n.
394 5153 443 5214 28.
467 5155 665 5218 14401527.
689 5157 777 5217 1718.
801 5153 890 5218 1851.
914 5154 1010 5230 2547;
1039 5155 1155 5220 (iniria
1180 5159 1250 5238 ch.
1276 5161 1402 5222 arctici.
1425 5161 1441 5220 1
1468 5182 1497 5222 n.
1515 5162 1563 5222 65.
1612 5157 1676 5222 Sub
