3742 5826
348 543 421 616 184
758 539 767 552 ’
873 560 1143 615 snnrrnrrnurs
1617 565 1670 615 aaa

345 738 411 796 eius
433 735 569 795 vocabuli
590 737 730 812 quinque,
751 735 782 793 iu
803 735 915 812 quibus
932 736 1072 795 omnibus
1093 753 1264 812 quanquam
1285 733 1316 792 in
1337 731 1414 792 iacis
1435 734 1556 793 chartae
1577 748 1670 792 satv-

345 853 465 897 urnusus
485 837 561 897 illud
581 836 641 913 legi
662 852 754 913 posse
773 836 861 896 facile
882 837 1029 910 concedo,
1055 845 1154 896 umen
1176 836 1206 895 in
1228 852 1337 893 aversa
1361 835 1442 894 clare
1466 835 1540 894 milri
1565 835 1671 894 videor

345 941 527 1020 distinguere
547 939 626 1000 idem
648 939 731 1015 quod
751 937 824 998 olim
845 938 876 997 iu
896 937 998 1016 lapide
1017 938 1080 1015 legi

909 1123 1101 1168 smolensis

346 1285 467 1347 Scilicet
486 1285 638 1361 distinguo
660 1299 668 1341 ι
690 1281 807 1342 litterae
828 1279 933 1341 auten
952 1283 1069 1359 positae
1082 1282 1199 1341 hastam
1214 1291 1335 1354 rectam,
1357 1301 1435 1360 quae
1449 1281 1532 1341 nullo
1546 1280 1670 1340 modov

345 1387 461 1447 litterae
483 1387 570 1444 hasta
590 1385 687 1444 altera
706 1383 802 1443 fuisse
823 1391 931 1460 potest,
952 1383 1011 1442 nisi
1031 1400 1205 1460 perversae3
1228 1383 1379 1460 distinguo
1401 1401 1426 1442 re
1443 1384 1571 1457 litterae,
1592 1402 1670 1460 quae

345 1487 505 1560 antecedit,
533 1495 649 1563 partem
671 1485 810 1559 alteram,
832 1503 899 1544 cum
921 1484 1049 1561 priorem
1071 1502 1168 1561 paene
1189 1484 1390 1543 oblitteratam
1413 1502 1481 1545 esse
1502 1493 1548 1545 tot
1567 1503 1670 1544 saecu-

344 1588 442 1647 lorum
469 1583 613 1647 imbribus
639 1601 771 1663 casuque
796 1592 910 1645 tanturn
935 1585 1052 1643 hastam
1078 1585 1121 1644 ibi
1147 1591 1258 1644 rectam
1286 1604 1431 1662 apparere
1457 1595 1487 1645 et
1514 1588 1546 1647 in
1571 1587 1671 1664 lapide

345 1689 469 1750 viderim
491 1695 522 1747 et
543 1688 574 1746 ln
596 1693 714 1764 ectypo,
737 1687 850 1763 inquo
872 1685 947 1745 adeo
968 1685 1070 1762 anguli
1092 1686 1266 1763 superioris,
1289 1689 1377 1763 quem
1392 1688 1498 1746 hastae
1513 1704 1538 1745 rr
1552 1688 1671 1747 litterae

344 1791 461 1868 priores
487 1789 547 1848 duo
572 1787 716 1860 formant,
744 1787 873 1865 vestigia
899 1786 1105 1863 depreheud03
1133 1803 1149 1846 ι
1171 1805 1243 1846 vero
1264 1788 1380 1846 litterae
1399 1806 1489 1865 quam
1510 1777 1672 1848 voluerunt

344 1891 476 1966 itemque
490 1907 511 1948 v
532 1890 613 1949 illius
634 1905 792 1966 perversae
814 1889 910 1947 lineas
932 1887 1089 1947 inferiores
1104 1888 1242 1948 fortuitas
1258 1908 1325 1950 ease
1338 1888 1494 1949 contendo.
1532 1887 1670 1966 Spatium

344 2001 444 2056 autem
465 2009 491 2051 rt
512 1992 629 2050 litterae
651 1989 832 2050 conveniens
855 2005 871 2048 t
892 1998 922 2048 et
943 2007 964 2048 v
984 1989 1102 2048 duabus
1123 1990 1302 2067 recipiendis
1322 1991 1411 2050 nimis
1433 1991 1528 2050 latum
1549 2000 1596 2050 est
1616 2009 1671 2069 pro

344 2098 432 2157 huius
459 2110 565 2154 versus
599 2092 749 2169 scriptura
774 2091 837 2150 alta
864 2099 893 2148 ct
920 2092 1011 2151 tenui.
1060 2089 1230 2152 Secundum
1258 2091 1387 2168 denique
1414 2093 1507 2153 totius
1533 2092 1671 2152 vocabuli

344 2198 524 2258 elementum
549 2201 611 2254 tam
632 2209 649 2250 r
670 2211 760 2270 quam
782 2209 798 2251 s
819 2209 887 2252 esse
908 2209 1000 2268 posse
1021 2192 1137 2268 reliqua
1158 2191 1291 2252 eiusdem
1313 2194 1430 2253 litterae
1450 2194 1482 2252 in
1503 2195 1560 2253 hoc
1581 2193 1669 2252 titulo

344 2298 485 2377 exempla
509 2295 725 2354 demonstrant.
766 2293 872 2369 Itaque
897 2310 986 2369 quam
1015 2311 1053 2351 ex
1081 2292 1190 2370 lapidis
1218 2293 1335 2354 curiosa
1355 2300 1386 2353 et
1406 2296 1534 2372 repetita
1552 2295 1670 2374 inspec-

344 2400 425 2458 tione
446 2398 520 2457 olim
542 2396 605 2454 erui
626 2394 784 2454 lectionem
806 2399 946 2471 ectypum
967 2393 1039 2452 mihi
1061 2393 1179 2454 videtur
1198 2394 1287 2472 plane
1308 2396 1512 2472 comprobare.

385 2497 447 2559 Sed
467 2517 504 2556 ne
526 2497 611 2556 solus
632 2494 806 2567 iudicarem,
826 2495 1046 2555 Mommsenum
1061 2503 1091 2553 et
1104 2493 1309 2562 Burmannum
1328 2497 1442 2556 amicos
1463 2497 1578 2575 peritos
1599 2513 1670 2557 oon·

344 2600 433 2661 solui.
475 2597 519 2658 lli
544 2597 642 2674 primo
669 2601 793 2675 aspectu
819 2601 899 2656 reete
923 2595 1034 2672 legisse
1057 2592 1241 2656 Saavedram
1267 2598 1422 2657 unanimes
1448 2599 1668 2671 iudicaverunt;

343 2723 377 2762 re
404 2718 477 2760 vero
503 2699 671 2758 accuratius
699 2696 864 2774 ponderata
889 2705 1117 2770 concesseruut,
1145 2698 1350 2784 Mommsenus
1377 2714 1399 2756 v
1419 2699 1537 2758 litterae
1562 2699 1669 2759 saltem

343 2803 470 2863 formam
497 2810 559 2860 tum
585 2798 769 2877 singularam
795 2797 922 2858 evadere
947 2804 977 2855 et
1002 2814 1017 2855 ι
1038 2796 1156 2858 litterae
1177 2798 1287 2858 lineam
1307 2799 1478 2860 inferiorem
1500 2801 1589 2859 nimis
1610 2801 1669 2859 alte

343 2905 472 2982 positam
498 2918 582 2972 esse,
607 2899 798 2959 Burmannus
823 2907 994 2976 praeterea,
1022 2916 1030 2957 1
1056 2908 1125 2958 aute
1151 2916 1173 2957 Ν
1201 2907 1312 2960 certam
1339 2918 1408 2961 esse
1434 2901 1621 2978 spatiumque
1642 2917 1669 2960 to

343 3007 460 3066 litterae
480 3002 576 3079 magia
597 2999 757 3061 convenire
777 3017 866 3077 quam
890 3017 905 3058 n
925 3006 1006 3071 etv,
1028 3018 1181 3061 remanere
1202 3010 1300 3062 autem
1322 3002 1496 3079 scrupulum
1517 3003 1549 3061 in
1569 3002 1670 3080 priore

343 3115 429 3185 parte
449 3123 475 3166 tt
495 3105 622 3164 litterae.

384 3207 543 3267 Postremo
563 3207 620 3264 hoc
639 3202 733 3276 addo,
757 3201 910 3262 Afluuiam
932 3200 1122 3263 Aduninmve
1142 3201 1278 3261 inaudita
1299 3219 1366 3262 esse
1388 3203 1519 3278 nomina,
1541 3213 1574 3264 ut
1594 3203 1670 3276 dixi,

342 3309 514 3370 Aeminium
541 3324 611 3366 vero
644 3316 747 3364 uotum
774 3321 842 3364 osse
867 3302 1044 3364 Lusitaniae
1071 3303 1265 3381 municipium
1293 3304 1373 3362 haud
1399 3305 1504 3383 procul
1533 3306 1622 3365 situm
1651 3325 1671 3368 a

341 3430 415 3490 rupe
430 3409 577 3472 Gallaeoa
594 3407 646 3468 'cui
666 3405 771 3466 titulus
794 3405 912 3480 dequo
933 3403 1051 3481 agimus
1072 3402 1235 3482 inscriptus
1250 3413 1296 3464 est
1318 3405 1368 3481 (ci.
1390 3405 1424 3464 11
1444 3424 1475 3482 p.
1490 3406 1531 3466 to
1553 3424 1582 3467 n.
1598 3406 1669 3466 500.

342 3512 428 3588 954).
464 3509 552 3571 Unde
571 3508 689 3568 conlido
704 3505 840 3567 homines
854 3505 886 3566 in
900 3506 996 3566 titulis
1010 3505 1146 3582 legendis
1160 3506 1352 3579 exercitatos,
1374 3508 1426 3584 qui
1440 3517 1549 3584 postea
1561 3524 1669 3568 saxum

340 3613 511 3690 inspicient,
531 3629 628 3672 meam
648 3609 807 3670 lectionem
828 3625 898 3667 ease
919 3607 1156 3666 confirmaturos.

342 3819 413 3882 1103
433 3819 565 3881 Iovalia
580 3816 706 3896 Singilis
721 3816 806 3875 fluvii
819 3832 879 3873 uon
893 3812 1049 3888 proculab
1064 3813 1183 3874 Iliberri
1205 3813 1258 3888 (cf.
1272 3814 1304 3874 11
1321 3835 1352 3892 p.
1364 3813 1439 3892 083)
1460 3834 1555 3892 prope
1569 3818 1669 3892 parie-

382 3922 462 3983 tinas
482 3919 587 3993 villae,
616 3925 649 3978 ut
670 3915 797 3987 videtur,
824 3914 954 3974 rusticae
980 3913 1114 3974 detectae
1135 3913 1166 3973 in
1187 3915 1310 3993 praedio
1332 3916 1411 3976 dioto
1433 3917 1468 3976 de
1487 3917 1670 3993 Duropoleja

384 4022 515 4096 (terratico
535 4021 570 4078 da
584 4017 674 4077 Pinea
689 4015 806 4086 Puercta
822 4016 1014 4090 jurisdictioa
1034 4016 1069 4074 dc
1086 4015 1278 4093 Traamrilur),
1299 4017 1379 4076 circa
1392 4015 1513 4076 Locbor
1526 4018 1622 4077 vicum
1637 4020 1669 4077 in

384 4121 507 4180 sinistra
528 4117 611 4177 fluvii
632 4117 709 4193 ripa,
729 4118 761 4175 in
781 4116 809 4175 al
823 4115 933 4176 Melino
951 4116 1003 4180 ‚del
1015 4116 1076 4193 Ray
1097 4115 1193 4194 (quod
1213 4117 1343 4195 pertinet
1363 4117 1400 4177 ad
1423 4118 1508 4178 ducis
1522 4119 1668 4195 Welliug·

383 4221 456 4280 tonii
477 4219 631 4296 praedium
647 4216 718 4277 Sota
739 4218 774 4279 dc
787 4216 904 4293 Runa),
925 4218 957 4276 iu
979 4217 1090 4280 oliveto
1111 4237 1131 4277 a
1151 4218 1274 4278 sinistra
1294 4219 1371 4292 maa,
1394 4237 1472 4296 quae
1494 4219 1578 4278 ducit
1596 4219 1668 4280 lllo·

382 4341 455 4395 ram,
477 4326 582 4382 extant
595 4319 760 4397 parietinae
775 4319 915 4396 antiquae
929 4317 1029 4396 operia
1044 4319 1229 4378 caementicii
1245 4319 1293 4395 (da
1307 4321 1487 4398 organicae),
1507 4338 1584 4396 quae
1598 4337 1667 4397 spa-

380 4426 454 4484 tium
476 4421 655 4500 quadratum
676 4422 798 4498 cingunt
820 4441 839 4479 a
860 4419 949 4496 vulgo
970 4418 1082 4479 dictum
1105 4421 1132 4479 el
1148 4418 1290 4492 Catorou,
1312 4429 1342 4480 et
1363 4423 1465 4481 metris
1487 4421 1606 4480 circiter
1627 4421 1668 4482 50

380 4525 450 4586 iude
471 4541 576 4584 versus
602 4522 820 4602 septentriones
848 4520 1019 4597 sepulcrum
1045 4522 1116 4581 item
1142 4523 1252 4581 lactum
1279 4540 1318 4580 ex
1344 4541 1434 4600 opere
1459 4524 1666 4594 caementicio,

380 4628 430 4686 cui
451 4627 585 4703 impositi
607 4625 814 4701 suntlapides
835 4623 895 4682 duo
916 4621 1056 4698 grandes.
1099 4621 1212 4682 Eorum
1240 4623 1326 4683 alteri
1346 4623 1509 4699 inscriptus
1531 4633 1577 4684 est
1598 4625 1666 4686 titu-

380 4728 428 4788 lus
450 4727 499 4786 hic
520 4727 628 4794 litteris
650 4745 710 4786 non
730 4726 833 4786 bonis:

767 4901 786 4938 a
849 4897 990 4939 ΛΝΝΙΛ
1016 4909 1022 4923 ·
1052 4895 1071 4938 C
1099 4907 1106 4922 ·
1136 4895 1154 4936 l'

852 4995 1039 5039 uvsncn
1066 5007 1073 5024 ·
1099 4995 1153 5038 ΛΝ

850 5094 982 5139 0111110
1014 5109 1021 5123 ·
1052 5095 1153 5138 xxll

851 5195 1153 5240 tllc·sttn·tst·s·t·t
