3742 5826
323 507 396 578 104
722 447 725 454 ἢ
881 515 1081 572 wmmaans

320 698 390 758 inde
415 698 511 756 altera
534 703 633 755 caena
658 691 836 770 legionaris,
863 692 959 750 altera
979 691 1115 767 reliquae
1137 687 1262 748 militiae
1282 687 1379 746 luisse
1400 685 1478 746 ellici
1500 667 1662 757 rideatur,

321 820 377 859 nec
399 816 470 858 vero
496 797 610 868 obstat,
636 794 717 871 quod
738 811 833 870 saepe
850 793 970 872 singula
989 798 1104 852 tantum
1124 791 1324 868 reperiuntur,
1349 793 1418 850 oum
1439 787 1559 846 tabulae
1580 787 1652 847 illae

321 901 396 959 alibi
416 915 535 975 quoque
555 897 671 974 passim
691 895 846 954 omiserint
865 893 1000 966 castella,
1021 911 1100 970 quae
1120 892 1153 951 in
1172 889 1318 950 laterculo
1339 873 1493 965 copiarum
1509 889 1652 948 exhiben-

322 1007 379 1058 tur.
423 998 527 1057 Titulo
553 1007 652 1058 autem
677 1014 772 1072 supra
797 994 893 1055 relato
919 1015 949 1054 n.
967 995 1005 1053 14
1030 993 1138 1053 aetatis
1160 991 1395 1069 Philippianae,¹
1412 989 1463 1050 nbi
1484 990 1653 1066 praefectus

323 1101 390 1159 alae
411 1099 595 1176 praelectum
615 1097 745 1175 legionis
766 1096 871 1157 ducem
892 1095 1157 1173 praepositumque
1177 1098 1276 1164 vocat,
1297 1110 1357 1151 non
1378 1091 1469 1151 nimis
1486 1091 1651 1165 tribuerim,

323 1189 420 1278 neque
440 1199 510 1259 inde
529 1200 576 1258 vel
598 1200 720 1277 saepius
736 1199 784 1258 vel
804 1198 981 1275 plerumque
1001 1196 1170 1274 praefectos
1190 1193 1318 1271 legionis
1340 1193 1435 1271 copiis
1455 1193 1652 1252 auxiliaribus

325 1303 489 1379 imperasse
511 1301 717 1360 concluserim.

886 1435 1090 1450 *nn-*—

408 1605 545 1666 Instituit
564 1605 655 1682 igitur
675 1611 842 1664 castrorum
862 1601 1093 1680 legionariorum
1106 1599 1335 1677 praefecturam,
1356 1615 1445 1677 quam
1460 1599 1542 1660 omni
1556 1606 1653 1660 aetate

326 1707 463 1765 homines
484 1706 626 1765 inferiore
646 1706 714 1763 loco
736 1703 878 1764 oriundos
899 1703 1033 1781 gessisse
1054 1702 1335 1772 demonstravimus,
1356 1702 1513 1778 Augustus
1531 1701 1653 1778 duplici,

325 1807 442 1883 opinor,
468 1824 560 1866 causa
586 1811 702 1878 motus,
727 1806 823 1864 altera
848 1803 971 1864 militari
994 1835 1032 1848 -
1055 1791 1169 1862 ordinis
1191 1801 1269 1862 enim
1291 1801 1434 1862 senatorii
1455 1811 1486 1861 et
1506 1801 1654 1879 equestris

326 1907 463 1966 homines
491 1926 558 1967 cum
582 1907 613 1965 in
639 1906 737 1984 caliga
762 1904 909 1982 stipendia
935 1905 1056 1964 omnino
1084 1921 1146 1962 non
1173 1903 1319 1976 lacerent,
1347 1904 1401 1963 sed
1427 1922 1446 1962 a
1470 1903 1655 1980 praefectura

267 2011 272 2018 '
327 2008 459 2066 cohortis
481 2008 691 2083 tribunatuque
712 2007 841 2066 militum
863 2005 999 2066 militiam
1020 2004 1256 2083 ingrederentur,
1278 2005 1342 2063 siue
1363 2004 1455 2064 dubio
1471 1995 1656 2083 legionariae

327 2109 452 2168 militiae
480 2115 620 2167 accurata
646 2107 772 2168 scientia
797 2107 973 2183 plerumque
998 2107 1155 2178 carebant;
1183 2105 1279 2164 altera
1307 2106 1398 2166 civili.
1441 2106 1656 2174 administrari

326 2210 406 2270 enim
428 2211 582 2286 tenerique
602 2209 770 2286 imperium,
795 2209 885 2285 quale
906 2209 963 2268 fuit
982 2207 1163 2280 Romanum,
1184 2226 1245 2266 non
1266 2207 1364 2284 potuit
1384 2207 1443 2266 nisi
1464 2223 1574 2290 magna
1595 2207 1654 2266 sin-

295 2299 298 2306 ’
326 2312 408 2387 gulis
430 2311 654 2387 magistratibus
673 2326 818 2369 concessa
836 2317 997 2387 potestate:
1019 2309 1095 2368 lines
1117 2309 1235 2386 imperii
1250 2307 1337 2380 tueri,
1358 2317 1455 2366 terras
1468 2308 1656 2385 populosque

329 2411 361 2469 in
388 2411 505 2470 dicione
531 2411 636 2488 populi
660 2410 789 2470 Romani
814 2412 942 2470 retinere
968 2411 1123 2488 praesides
1147 2409 1368 2488 provinciarum
1396 2408 1571 2484 nequibant,
1597 2410 1657 2470 nisi

327 2510 479 2570 exercitus
509 2527 634 2588 magnos
662 2520 843 2588 paratosque
871 2513 1015 2572 haberent
1041 2511 1121 2570 dioto
1146 2509 1311 2570 audientes.
1360 2509 1408 2568 Ab
1433 2509 1529 2570 altera
1556 2519 1656 2571 autern

328 2619 415 2688 parte
436 2612 602 2671 cavendum
624 2619 698 2687 ent,
720 2631 757 2671 ne
779 2613 970 2673 abuterentur
990 2613 1126 2690 potentia
1147 2629 1212 2684 sua,
1233 2611 1284 2688 qui
1302 2611 1398 2688 copiis
1413 2620 1444 2670 et
1457 2611 1657 2690 cuiuscunque

327 2712 446 2788 generis
467 2713 575 2789 opibus
597 2714 689 2773 mnas
710 2713 836 2792 praediti
858 2723 973 2774 essent:
995 2733 1073 2791 quae
1092 2713 1207 2772 illicere
1228 2713 1376 2772 debebant
1390 2720 1420 2773 et
1433 2733 1466 2772 re
1479 2731 1552 2774 vera
1566 2731 1656 2792 saepe

327 2813 490 2873 illexerunt
510 2815 646 2874 homines
667 2814 856 2888 ambitiosos,
878 2822 911 2874 nt
930 2834 1030 2874 rerum
1047 2815 1138 2893 potiri
1152 2822 1340 2874 conarentur.
1377 2813 1462 2874 Haec
1476 2825 1540 2874 erat
1553 2834 1655 2888 eausa,

328 2932 383 2972 our
402 2915 560 2992 Augustus
583 2915 755 2994 legionibus
780 2915 908 2995 singulis
930 2917 1046 2995 legatos
1067 2924 1279 2995 praeponeret,
1306 2915 1358 2992 qui
1379 2916 1574 2992 praesidibus
1588 2936 1655 2994 pro·

328 3015 493 3074 vinciarum
514 3017 669 3076 obedirent
689 3017 820 3094 quidem,
840 3019 895 3077 sed
915 3018 1007 3076 iidem
1027 3017 1089 3077 illis
1110 3035 1199 3096 pares
1221 3024 1323 3078 essent
1340 3017 1507 3095 vigilesque
1528 3018 1656 3078 exsiste·

328 3123 408 3186 rent,
433 3116 460 3174 si
484 3117 603 3194 quando
630 3135 726 3179 novas
752 3135 802 3178 res
830 3118 929 3179 moliri
954 3119 1075 3178 vellent.
1119 3117 1181 3180 Sed
1205 3117 1298 3195 legati
1324 3125 1354 3176 et
1379 3119 1601 3194 provinciarum
1625 3129 1656 3180 et

327 3214 479 3292 legionum
501 3235 604 3278 omnes
625 3227 711 3280 erant
730 3220 871 3280 senatorii
892 3219 1021 3279 ordinis:
1044 3220 1117 3296 quid
1138 3221 1165 3279 si
1186 3219 1307 3298 quando
1322 3228 1442 3280 senatus
1456 3229 1587 3281 veterem
1602 3238 1657 3298 po·

328 3322 465 3376 testatem
491 3338 668 3396 recuperare
685 3321 872 3396 ¹moliebatur
896 3340 952 3381 nec
977 3321 1039 3380 iam
1063 3321 1101 3380 de
1128 3339 1164 3380 eo
1189 3320 1353 3381 discrimen
1374 3330 1452 3394 erat,
1473 3322 1541 3399 quis
1561 3322 1656 3400 impe·

327 3426 423 3490 raret,
450 3420 503 3478 sed
529 3438 588 3496 qua
614 3423 712 3482 forma
737 3422 906 3500 respublica
929 3421 1102 3501 regeretur?
1146 3420 1339 3501 Quantopere
1360 3432 1460 3482 autem
1479 3424 1658 3501 posterioris

327 3517 418 3578 etiam
440 3521 548 3581 aetatis
568 3523 764 3601 imperatores
790 3523 882 3583 diffisi
904 3523 966 3583 sint
986 3524 1114 3596 senatui,
1136 3531 1170 3583 ut
1189 3531 1368 3602 potestatem
1390 3524 1455 3584 cius
1476 3525 1572 3602 magis
1595 3545 1657 3585 ma·

326 3619 434 3697 gisque
453 3620 659 3701 infringerent,
680 3625 774 3702 probe
795 3625 852 3686 scit
872 3624 924 3701 qui
945 3625 1052 3685 aetatis
1073 3625 1283 3703 imperatoriae
1303 3625 1460 3686 historiam
1480 3628 1573 3686 novit.
1615 3625 1659 3686 Ut

326 3720 419 3797 igitur
445 3731 564 3799 praeter
588 3724 704 3803 legatos
730 3734 939 3802 procuratores
964 3727 996 3785 in
1022 3727 1193 3804 provincias
1215 3725 1293 3788 mitti
1314 3726 1411 3787 voluit
1431 3727 1587 3806 Augustus
1608 3729 1657 3787 vel

327 3820 435 3882 domus
461 3823 672 3899 imperatoriae
698 3825 822 3886 libertos
849 3828 896 3886 vel
924 3827 1074 3906 equestris
1102 3827 1215 3887 ordinis
1241 3828 1395 3901 homines,
1424 3829 1468 3887 ita
1491 3826 1523 3888 in
1549 3829 1657 3890 castris

328 3941 449 3999 quoque
469 3924 625 3984 constituit
645 3935 678 3984 ut
697 3926 783 3986 iuxta
803 3929 933 4007 legatum
956 3928 1125 4007 praelectus
1147 3929 1260 3998 ordinis
1282 3928 1431 3989 inferioris
1449 3929 1549 3989 locum
1565 3929 1657 3989 habe·

327 4032 388 4094 ret,
414 4023 505 4102 longa
532 4024 640 4084 rnilitia
665 4028 857 4105 imperatorio
879 4030 992 4090 nomini
1018 4031 1136 4090 iunctus
1162 4031 1357 4107 devotosque.
1402 4029 1461 4104 Qui
1487 4031 1657 4107 praelectus

328 4123 497 4201 appellatus
518 4135 566 4186 est
581 4130 743 4204 praefectus
765 4139 937 4197 cestorum:
963 4150 1018 4191 nec
1038 4133 1160 4192 saeculo
1181 4133 1278 4209 primo
1300 4131 1369 4190 addi
1391 4132 1508 4192 solebat
1529 4132 1657 4211 legionis

327 4241 446 4298 nomeu,
467 4244 533 4286 cum
555 4245 647 4306 saepe
668 4230 837 4308 complures
857 4232 992 4311 legiones
1012 4232 1120 4292 iisdem
1141 4234 1250 4293 castris
1272 4240 1458 4305 tenerentur3
1481 4233 1550 4293 addi
1568 4253 1657 4312 coep·

328 4333 390 4384 tum
412 4336 471 4400 est,
496 4335 655 4406 postquam
676 4330 869 4393 Domitianus
892 4351 948 4394 sua
968 4351 1117 4411 quamque
1136 4334 1286 4412 legionem
1308 4341 1408 4393 eastra
1428 4335 1538 4393 habere
1558 4334 1658 4407 iussit,

327 4444 458 4504 moxque
479 4430 522 4488 ita
542 4431 680 4503 obtinuit,
702 4439 736 4490 ut
756 4450 813 4492 usu
835 4434 1010 4510 quotidiano
1033 4452 1124 4512 saepe
1145 4446 1305 4495 castorem
1319 4435 1439 4512 quidem
1454 4437 1576 4495 verbnm
1592 4436 1657 4494 bre-

327 4529 430 4588 vitatis
452 4548 544 4590 causa
564 4532 780 4610 neglegeretnr,
801 4535 881 4614 legio
902 4545 1001 4595 tamen
1023 4543 1056 4593 ut
1076 4535 1108 4594 in
1128 4537 1281 4596 tribunatu
1302 4536 1429 4596 militum
1451 4536 1503 4595 vix
1525 4555 1658 4614 unquam

328 4629 522 4692 omitteretur.
567 4631 663 4707 Quem
690 4654 776 4695 usum
803 4634 969 4715 Septimius
995 4633 1126 4698 Severus
1153 4637 1254 4696 sanxit
1278 4637 1503 4716 legitimumque
1528 4635 1659 4698 reddidit

327 4751 435 4790 nomen
454 4735 595 4810 praefecti
616 4737 744 4812 legionis,
765 4737 894 4797 sommae
915 4744 1064 4815 potestate
1086 4755 1206 4817 quoqne
1227 4740 1464 4816 muneribusque
1479 4739 1544 4800 eius
1559 4740 1657 4800 auctis

327 4832 385 4903 ita,
414 4839 448 4892 ut
473 4853 549 4911 quae
570 4837 722 4914 praelecto
743 4837 865 4897 adderet
886 4838 1018 4899 demeret
1037 4839 1146 4918 legato.
1188 4840 1246 4900 Est
1266 4841 1347 4901 enim
1369 4847 1473 4900 notum
1494 4841 1556 4900 iam
1578 4840 1658 4900 bunc

327 4933 536 5011 imperatorem
557 4954 679 5014 quoquo
700 4939 789 4999 modo
810 4940 952 4998 senatorii
973 4941 1087 5000 ordinis
1103 4949 1288 5018 potestatem
1310 4943 1507 5002 imminuisse.
1555 4945 1658 5017 Atque

327 5033 397 5095 iude
416 5037 546 5100 fortasse
567 5039 778 5120 explicandum
799 5047 854 5116 est,
879 5040 960 5120 quod
982 5061 1048 5103 curn
1069 5043 1237 5122 praelectus
1260 5045 1382 5106 saeculo
1396 5044 1411 5104 1
1425 5053 1456 5104 et
1470 5043 1502 5104 11
1523 5043 1657 5104 cornicu-
