3742 5826
600 577 896 634 oesanvnmonns
914 579 1033 633 neren.
1052 581 1117 633 vn.
1451 567 1521 637 139

195 747 269 806 toris
290 745 330 804 ad
351 746 558 824 corrigendum
580 755 690 807 statum
712 749 877 809 civitatium
899 750 1058 810 liberarum
1081 771 1100 810 a
1117 753 1303 828 proconsulis
1318 755 1444 832 imperio
1458 756 1525 833 lege
1564 747 1566 752 ¹

195 854 414 924 exemptarum,
435 847 478 906 ita
499 849 538 906 ad
559 848 767 926 corrigendum
789 857 900 910 statum
917 853 1034 925 Italiac,
1055 872 1132 930 quae
1154 860 1185 913 et
1204 855 1274 930 ipsa
1293 855 1427 932 praesidi
1447 859 1523 916 nulli

194 955 324 1026 pareret,
349 954 429 1008 certe
449 947 519 1008 inde
541 967 559 1008 a
580 947 742 1010 Caracalla
762 951 955 1028 magistratus
977 952 1097 1030 quidem
1118 955 1211 1014 creati
1231 971 1311 1027 esee,
1331 957 1417 1016 initio
1438 965 1526 1018 extra

73 1051 78 1060 '
195 1049 328 1107 ordinem
354 1049 419 1108 sine
443 1049 536 1108 dubio
563 1060 593 1110 et
619 1060 653 1110 ut
678 1060 760 1112 certo
788 1053 907 1111 nomine
934 1062 1082 1127 carerent,
1109 1055 1216 1114 deinde
1242 1057 1380 1116 translati
1404 1058 1435 1116 in
1460 1077 1524 1117 ma·

194 1149 340 1228 gistratus
365 1150 587 1226 quodammodo
616 1152 760 1212 ordinarii
787 1161 818 1212 et
844 1153 970 1231 legitimi
996 1155 1122 1214 formam
1146 1157 1324 1216 correctoris
1347 1157 1463 1218 ltaliae.
1484 1193 1522 1204 -

195 1249 338 1308 Proxime
370 1257 471 1309 autem
498 1259 529 1310 et
556 1259 691 1328 tempore
718 1259 748 1312 et
774 1273 806 1313 re
835 1254 873 1314 ud
900 1255 932 1313 id
959 1255 997 1314 de
1024 1274 1086 1332 quo
1113 1256 1230 1332 agimus
1258 1255 1364 1318 Sebini
1392 1259 1525 1318 cilicium

195 1350 312 1409 accedit
341 1353 424 1427 quod
454 1352 589 1412 enuntiat
619 1353 725 1414 titulus
757 1373 851 1431 nuper
880 1365 1018 1433 repertus
1045 1357 1160 1417 Romae
1188 1358 1220 1416 in
1249 1359 1425 1418 coemeterio
1454 1358 1524 1420 (lal-

195 1451 260 1512 listi
280 1451 383 1528 bic:¹)

553 1495 1033 1825 senonense&

669 1642 772 1696 ιΤΟΥ
786 1645 807 1697 Γ
809 1643 935 1698 ΕΝΟΥΕ
946 1644 991 1699 ΛΑ
1011 1647 1064 1725 lap

560 1760 620 1794 υπα
634 1743 687 1800 ΤΟ
721 1743 782 1799 otc
810 1745 893 1800 uteo
921 1769 929 1788 ·
957 1747 1098 1822 el'loepxw

564 1844 720 1901 etuttttc
759 1845 945 1900 ΠΡΟΜΑΓ
979 1848 1093 1915 Ποντιφ

507 1962 519 1999 a
562 1945 783 2000 ΕΠΑΝΟΡΘ
825 1972 832 1988 ·
872 1946 1118 2002 Melicae).

561 2047 652 2101 ΚΟΜ
688 2046 849 2101 ·ΒΑα-ΙΛ
877 2073 885 2089 ·
915 2047 1001 2100 «ΝΘ

565 2148 714 2203 stolon
758 2173 766 2189 ·
808 2148 999 2202 ΚΡατΙΔ

560 2220 883 2330 ctusnseqoc
938 2224 1046 2356 simu

653 2317 729 2386 *s
926 2351 1097 2424 ευιΡΓΕτῃ

196 2499 273 2559 Eum
294 2501 412 2559 titulum
426 2500 557 2561 Roseius
579 2501 682 2561 tribuit
696 2500 794 2561 Basso
816 2503 932 2562 consuli
947 2503 1099 2563 ordinario
1121 2523 1148 2562 a.
1164 2503 1225 2564 258
1250 2511 1280 2564 et
1293 2523 1397 2565 rursus
1419 2525 1446 2564 e.
1463 2504 1520 2564 271

195 2601 399 2676 probabiliter.
447 2602 527 2661 Num
559 2603 687 2681 primum
717 2603 796 2663 inter
828 2603 967 2664 consules
1000 2605 1169 2666 ordinarios
1196 2606 1313 2666 Bassos
1339 2607 1440 2666 nullus
1468 2613 1523 2681 est,

195 2703 244 2761 cui
271 2703 389 2762 iteratio
410 2704 586 2763 consulatus
609 2704 779 2777 conveniat,
806 2713 926 2782 praeter
946 2725 1030 2780 eum,
1058 2707 1110 2784 qui
1131 2727 1159 2766 a.
1175 2707 1233 2766 ttl
1258 2708 1356 2767 fasces
1378 2706 1522 2786 gessitt).

196 2802 314 2862 Deinde
340 2823 405 2864 cum
432 2805 556 2880 reliquis
578 2805 684 2864 Bessis
711 2804 777 2864 aliis
805 2805 866 2863 alie
891 2807 1013 2865 nomina
1039 2807 1134 2867 luisse
1156 2810 1341 2884 argumentis
1362 2819 1413 2868 aut
1434 2809 1523 2868 certis

196 2911 249 2962 aut
269 2905 375 2964 saltem
397 2906 602 2982 probabilibus
623 2905 754 2966 Roscius
776 2905 997 2981 demonstrarit,
1022 2909 1096 2968 solis
1117 2908 1154 2967 iis
1177 2909 1229 2984 qui
1251 2910 1346 2969 fasces
1368 2917 1524 2987 gesserunt

196 3025 223 3063 a.
239 3005 299 3064 258
314 3016 345 3065 et
358 3005 416 3065 271
441 3015 555 3066 tantum
577 3008 671 3080 abest,
693 3013 726 3066 nt
739 3007 975 3085 Pomponiorum
990 3029 1099 3069 nomen
1113 3010 1243 3070 tribuere
1258 3012 1416 3088 quicquam
1431 3012 1523 3086 iinpe·
1564 3027 1567 3034 ’

195 3107 271 3180 diat,
298 3117 331 3166 ut
356 3108 424 3166 huic
451 3108 561 3167 dudum
588 3109 618 3166 id
644 3108 861 3185 adscripserint
887 3111 1033 3170 fastorum
1054 3112 1241 3170 ordinatores
1262 3123 1423 3189 propterea
1442 3111 1523 3187 qnod

196 3209 361 3286 imperante
383 3207 511 3269 Claudio
537 3228 565 3269 a.
581 3207 641 3268 270
667 3208 854 3286 Pomponius
876 3211 991 3296 Baspns
1019 3211 1148 3288 primum
1173 3213 1205 3270 iu
1231 3220 1338 3271 senatu
1360 3213 1458 3270 locum
1480 3219 1523 3270 te-

197 3310 298 3370 nuisse
319 3309 425 3370 dicitur
437 3311 468 3369 in
483 3312 614 3389 epitoma
628 3309 758 3370 Victoris
780 3311 819 3388 (c.
837 3311 886 3383 34,
902 3313 934 3384 33
957 3311 995 3371 ci.
1010 3310 1118 3371 Victor
1131 3310 1220 3371 Caes.
1238 3313 1288 3383 34,
1303 3312 1347 3387 3).
1383 3311 1523 3388 Denique

197 3410 339 3487 splendor
365 3411 524 3484 natalium,
552 3431 640 3488 quem
660 3411 814 3489 praedicet
834 3411 939 3471 titulus
961 3430 1055 3489 supra
1074 3413 1202 3485 relatus,
1231 3413 1262 3471 in
1282 3431 1350 3471 eum
1371 3411 1523 3470 hominem

196 3514 307 3589 optime
333 3512 473 3590 quadrat,
499 3513 609 3591 qnippe
634 3531 722 3589 quem
750 3513 824 3571 satis
850 3521 967 3572 constet
991 3512 1173 3572 descendere
1195 3531 1214 3570 a
1235 3512 1403 3590 Pomponio
1424 3511 1523 3570 Basso

196 3613 352 3673 interiecto
374 3614 411 3674 ab
432 3612 599 3691 Elagabalo
620 3613 696 3689 (Dio
712 3613 767 3686 74,
785 3613 820 3690 5)
842 3623 872 3672 et
894 3615 939 3673 sic
959 3632 1054 3691 genus
1075 3614 1229 3674 rettulisse
1249 3613 1287 3672 ad
1308 3613 1408 3690 ipsum
1430 3611 1522 3689 impe·

196 3724 324 3774 ratorem
346 3714 490 3774 Marcum.
510 3747 552 3760 -
578 3714 688 3774 Obstat
714 3723 813 3773 tamen
834 3715 1053 3793 praefectorum
1074 3714 1156 3774 urbis
1179 3714 1353 3786 laterculus,
1382 3712 1522 3790 quicum

196 3816 235 3875 ab
256 3834 284 3873 a.
300 3815 361 3875 254
382 3815 420 3874 ad
442 3837 469 3876 a.
485 3815 546 3874 354
568 3815 735 3893 perveniat,
762 3813 892 3876 Bassum
917 3816 1031 3876 nullum
1053 3824 1188 3884 recenset
1207 3823 1325 3895 praeter
1346 3811 1522 3892 Septimium

196 3935 224 3975 a.
240 3917 310 3976 317.
327 3916 386 3977 318
408 3924 488 3977 certe
510 3918 568 3976 buc
583 3936 644 3977 non
657 3916 854 3994 pertinentem
860 3937 869 3990 3
892 3936 947 3977 nec
960 3917 1048 3977 facile
1063 3916 1276 3976 admittendum
1291 3922 1338 3976 est
1351 3934 1419 3974 eum
1433 3915 1522 3974 later·

196 4017 296 4076 culum
317 4017 447 4078 hiatibus
468 4016 616 4092 laborare,
637 4019 834 4078 caminatam
857 4019 1062 4078 auctoritatem
1085 4018 1143 4078 sibi
1159 4019 1289 4078 vindicet
1309 4035 1404 4093 neque
1424 4016 1523 4076 adbuc

196 4118 277 4194 quod
298 4117 393 4177 sciam
413 4118 451 4178 de
470 4118 534 4178 ullo
555 4119 705 4198 praelecto
726 4129 842 4179 constet
862 4119 895 4178 in
915 4138 951 4179 eo
973 4119 1193 4196 praetermisso.
1237 4117 1441 4178 Nihilominus
1463 4135 1522 4175 non

197 4220 314 4296 reperio
341 4237 402 4296 quo
429 4227 584 4296 praetcrea
610 4219 875 4300 conmgiemus³)‚
901 4240 956 4281 nec
979 4221 1096 4282 videtur
1122 4219 1293 4298 repperisse
1317 4219 1461 4291 Rossius,
1486 4216 1523 4276 de

197 4375 403 4388 μ*-

275 4468 298 4531 ¹)
324 4469 382 4521 Iob.
396 4469 480 4536 Bapt.
505 4470 612 4523 Roscius
636 4471 738 4522 titulum
763 4471 845 4523 edidit
868 4471 939 4537 ligno
964 4484 1113 4536 expressum
1137 4468 1217 4520 Romu
1238 4476 1394 4520 mtterranec
1418 4471 1447 4530 2,
1469 4469 1521 4518 282

198 4559 303 4610 adiectis
321 4560 504 4626 supplementis
522 4563 603 4627 perito
621 4561 706 4625 tactis,
726 4577 792 4628 quae
809 4562 915 4627 retinui;
935 4560 1059 4627 explicuit
1070 4560 1139 4610 idem
1151 4557 1288 4611 Bullettr'ao
1301 4561 1422 4610 effatione
1441 4561 1521 4609 seat

198 4653 252 4702 ab
272 4651 366 4713 (1871)
385 4667 411 4717 p.
424 4653 470 4704 45.

274 4739 299 4803 ²)
326 4743 360 4792 lli
384 4757 517 4794 nnmerum
534 4744 563 4796 11
585 4744 734 4797 adscribunt
756 4751 783 4794 et
805 4743 865 4794 isati
890 4759 914 4809 q.
934 4742 960 4792 d.
980 4741 1123 4792 Florentini
1146 4741 1256 4791 maiores
1281 4740 1315 4803 (r.
1334 4739 1466 4791 Rclsudns
1488 4737 1523 4789 sd

199 4833 226 4882 b.
245 4831 280 4893 a.)
300 4839 326 4883 et
344 4832 433 4884 titulus
451 4833 531 4886 Orcll.
546 4836 615 4898 tete
630 4855 664 4879 =
678 4837 700 4886 Ι.
713 4835 748 4887 N.
769 4835 849 4885 5473.

274 4919 300 4984 ⁸)
326 4923 449 4977 Fortasse
466 4927 523 4992 quis
542 4927 638 4977 dixerit
655 4927 795 4992 Pomponii
812 4925 888 4976 Bassi
906 4923 1012 4975 nomina
1030 4925 1058 4974 ln
1075 4923 1151 4974 titulo
1170 4921 1277 4974 Graeco.
1288 4921 1441 4972 secundaria
1459 4936 1523 4983 esse,

199 5013 321 5076 primaria
344 5015 472 5066 interiisse
496 5020 549 5068 v.l
571 5023 636 5067 extr.
656 5023 682 5068 ct
700 5019 717 5068 2
736 5017 826 5081 incip,
853 5015 965 5080 exempli
990 5029 1067 5066 causa
1089 5014 1166 5065 Iunio
1190 5013 1345 5074 Tiberiano,
1368 5013 1413 5078 qui
1435 5011 1524 5063 consul

198 5102 248 5153 fnit
266 5105 412 5157 ordinarius
434 5120 459 5158 a.
473 5108 525 5158 2⁸1
544 5114 571 5158 et
586 5109 654 5170 291,
678 5107 822 5172 praefectus
839 5106 897 5156 urbi
916 5119 939 5158 e.
954 5107 1006 5158 792
1026 5111 1052 5156 et
1070 5104 1136 5168 303,
1162 5104 1267 5156 nomina
1288 5103 1369 5156 fuisse
1386 5102 1525 5167 Pomponii

198 5193 274 5246 eust
290 5196 359 5248 nnn
378 5197 522 5250 Tiberiani.
552 5199 605 5253 seu
623 5181 757 5266 tempure
775 5197 840 5250 mut
858 5198 919 5250 tura
937 5197 1005 5249 rear
1022 5201 1118 5262 percos
1136 5210 1194 5259 eos,
1214 5196 1258 5262 qu
1277 5193 1436 5248 nonnarum
1455 5191 1523 5243 orue-
