3736 5822
616 513 914 567 ossenvsrrosns
932 515 1050 568 neree.
1071 515 1110 566 n.
1480 499 1527 574 59

196 703 255 762 que
277 684 409 744 affinitas
430 683 550 742 diverso
573 693 649 743 teste
669 684 782 744 nitatur
802 702 898 761 eoque
914 686 1069 762 singulari,
1091 687 1140 746 vel
1154 689 1192 745 ob
1208 706 1274 746 eam
1289 706 1412 750 censam
1426 711 1530 752 veren-

198 785 269 846 dum
290 795 347 856 est,
369 804 408 844 ne
428 785 503 843 elter
526 792 591 843 uter
613 785 766 844 erraverit.
808 785 927 844 Deinde
950 787 1134 863 Apotheosis
1156 797 1260 848 sector
1281 806 1348 848 oum
1370 790 1414 850 sic
1436 793 1530 870 scrip·

198 887 285 948 serit:
313 881 563 961 ‘quandoquidem
590 887 676 945 divus
704 883 850 946 Claudius
877 887 986 945 occidit
1012 904 1149 946 socerum
1179 905 1267 947 suum
1295 891 1354 965 Ap.
1383 889 1530 966 Silenum,

199 1003 326 1064 generes
359 985 436 1044 duos
470 986 613 1062 Magnum
645 985 822 1063 Pompeium
854 997 884 1045 et
915 986 952 1046 L.
986 985 1144 1060 Silenum,
1177 1005 1313 1048 socerum
1345 990 1425 1050 tiliae
1458 1011 1532 1052 sese

201 1085 344 1147 Crassum
365 1082 472 1163 Frugi'
494 1096 525 1146 et
545 1088 589 1146 sic
611 1087 765 1163 deinceps,
792 1087 817 1146 si
839 1086 898 1146 fuit
918 1087 1030 1163 duplex
1051 1089 1106 1153 ille
1126 1089 1271 1161 affinitas,
1299 1091 1407 1150 addere
1429 1092 1532 1153 debuit

201 1187 238 1248 ed
267 1188 410 1247 invidiem
437 1187 604 1265 eugendum
631 1184 776 1246 ‘socerum
805 1197 834 1246 et
860 1205 1053 1248 consocerum
1083 1185 1186 1248 suum’.
1230 1189 1297 1266 Ego
1325 1193 1443 1251 etiemsi
1472 1194 1533 1252 elia

201 1288 284 1348 nulle
310 1289 420 1348 indicis
446 1288 634 1358 accederent,
662 1290 712 1347 vel
737 1290 785 1348 his
811 1289 889 1348 locis
914 1289 991 1348 inter
1017 1307 1050 1348 se
1079 1291 1253 1366 compositis
1280 1311 1340 1350 non
1362 1293 1532 1354 dubitarem

201 1395 254 1448 sut
279 1389 418 1449 librarios
440 1386 576 1452 Suetonii
603 1390 715 1448 erroris
741 1409 867 1467 urguere
892 1399 945 1448 sut
969 1389 1068 1465 ipsum
1091 1387 1279 1463 Suetonium
1306 1411 1375 1452 nem
1396 1395 1532 1471 sequelis

202 1490 385 1567 Apotheosis
410 1500 513 1548 auctor
536 1490 569 1548 in
589 1490 644 1548 teli
664 1509 697 1548 re
719 1509 820 1549 errere
841 1507 901 1550 non
921 1491 1028 1569 potuit.
1071 1490 1154 1550 Fieri
1175 1501 1289 1569 potest,
1315 1501 1348 1552 ut
1368 1492 1532 1555 Suetonius

201 1608 268 1649 cum
293 1591 325 1649 io
346 1590 413 1667 ipss
432 1591 600 1666 Apotheosi
622 1589 751 1650 similive
773 1591 884 1668 scripto
906 1591 1039 1669 Appium
1061 1609 1196 1651 socerum
1219 1593 1408 1671 imperetoris
1429 1597 1533 1674 eppel·

203 1691 259 1748 leri
278 1691 410 1764 vidisset,
431 1692 509 1750 inter
531 1699 631 1768 patres
652 1699 753 1754 eutem
772 1711 900 1752 uxorum
916 1689 1034 1751 Claudii
1057 1694 1084 1752 ei
1105 1693 1205 1752 lccum
1228 1695 1342 1753 nullum
1365 1713 1433 1754 esse
1453 1707 1533 1756 recte

202 1792 410 1864 intellexisset,
433 1811 627 1853 consocerum
650 1813 705 1868 pro
726 1810 829 1852 socero
851 1793 1039 1852 substituerit
1060 1803 1174 1869 petrem
1190 1814 1256 1854 eum
1272 1803 1416 1871 reputens
1431 1797 1533 1873 generi

205 1890 324 1952 Claudii
346 1892 383 1951 L.
406 1893 516 1965 Silani;
545 1893 600 1954 sed
629 1895 693 1953 sive
713 1895 756 1953 ite
777 1911 825 1953 res
848 1893 947 1954 evenit
967 1893 1032 1952 siue
1052 1893 1194 1953 librarius
1216 1896 1363 1970 peccavit,
1393 1913 1532 1955 consoce-

204 2013 269 2052 rum
290 1992 411 2054 Clsudii
432 1995 566 2071 Appium
587 1995 681 2054 fuisse
703 2012 790 2070 nego.

289 2094 316 2153 2.
361 2096 494 2173 Appium
520 2097 617 2154 virum
644 2106 674 2155 et
698 2096 865 2172 gratiosum
892 2101 922 2154 et
946 2093 1180 2152 nobilissimum.
1195 2093 1274 2170 (Dic
1296 2094 1350 2167 60,
1371 2095 1427 2170 14)
1453 2095 1534 2155 iusto

205 2203 336 2271 tempore
357 2196 396 2254 ed
415 2196 606 2256 consulatum
627 2196 802 2272 pervenisse
823 2195 953 2256 debituri
972 2213 1032 2253 non
1052 2202 1167 2272 potest3
1189 2213 1317 2271 eumque
1335 2214 1402 2254 cum
1418 2195 1535 2256 occide-

205 2305 287 2354 retur
308 2315 336 2354 a.
351 2316 381 2373 p.
396 2293 469 2355 Chr.
483 2297 523 2354 st
545 2297 652 2356 floride
672 2298 827 2356 etiamtum
848 2305 947 2354 aetate
961 2296 1058 2354 fuisse
1072 2296 1121 2353 vel
1135 2315 1175 2354 ex
1189 2295 1227 2355 iis
1242 2297 1437 2372 intellegitur,
1457 2315 1534 2373 quse

206 2395 241 2453 de
255 2397 355 2455 csueis
369 2397 474 2456 ruinae
488 2399 552 2457 eius
567 2417 667 2457 rerum
682 2399 843 2472 scriptores
858 2395 1043 2456 tradiderunt
1064 2395 1139 2470 (Dio
1156 2397 1205 2468 60,
1223 2397 1285 2472 14).
1323 2394 1424 2470 Quare
1439 2398 1532 2457 credi·

206 2495 263 2554 bile
285 2515 344 2555 non
366 2505 413 2556 est
437 2518 505 2557 eum
527 2508 629 2557 netum
651 2516 720 2558 esse
740 2506 810 2556 ente
831 2516 941 2557 sonum
963 2517 1045 2570 eum,
1072 2515 1162 2572 quem
1184 2497 1266 2573 leges
1288 2498 1411 2556 anneles
1433 2499 1532 2574 requi·

206 2606 274 2655 runt
298 2599 331 2655 in
358 2599 481 2657 consule
502 2618 528 2657 a.
544 2619 573 2658 ιι.
594 2618 619 2658 c.
636 2599 694 2659 781
713 2625 750 2650 =
768 2619 797 2676 p.
813 2596 884 2658 Chr.
901 2597 951 2670 18,
978 2616 1090 2656 ennum
1106 2616 1136 2655 ιι.
1152 2616 1176 2655 c
1194 2597 1268 2670 748;
1295 2598 1339 2656 ite
1360 2599 1439 2657 euim
1460 2599 1534 2658 obiit

205 2715 300 2758 sanos
320 2709 409 2758 netus
423 2699 554 2760 XLVII.
592 2701 692 2759 Etiam
713 2699 899 2778 probabilius
921 2699 1036 2774 aliquot
1057 2699 1143 2757 ennis
1164 2707 1236 2774 post
1257 2707 1345 2756 uetus
1366 2699 1534 2772 habebitur,

206 2815 272 2857 cum
300 2799 447 2858 eiusmodi
469 2801 514 2859 vir
536 2801 626 2859 fecile
650 2809 720 2859 ente
745 2801 853 2860 iustum
880 2809 1008 2858 aetatem
1034 2798 1190 2858 duodecim
1213 2800 1348 2858 faecibus
1369 2800 1459 2877 potiri
1480 2819 1533 2876 po·

207 2901 302 2958 tuerit.
340 2897 401 2960 Sed
422 2901 462 2959 sit
482 2911 569 2960 netns
591 2901 659 2976 ipso
680 2919 759 2960 enno
775 2901 849 2960 748:
872 2902 916 2960 ite
936 2901 963 2959 si
983 2900 1042 2959 fuit
1063 2899 1203 2976 psterbl.
1219 2897 1316 2960 Sileni
1337 2901 1399 2959 neti
1422 2919 1449 2958 s.
1463 2900 1535 2972 767,

206 2999 297 3058 lilium
318 3002 454 3077 genuerit
474 3019 594 3061 necesse
616 3008 662 3062 est
682 3019 777 3060 annos
798 3010 886 3060 nstus
908 3001 1039 3060 nondum
1059 3000 1176 3078 viginti,
1203 3008 1282 3060 certe
1303 3019 1408 3077 perum
1429 3001 1536 3078 probu-

208 3100 316 3160 bilicer.

289 3203 319 3261 3.
361 3204 420 3277 Δρ.
436 3183 558 3262 Silanus
579 3203 605 3260 is
627 3202 665 3260 de
686 3220 747 3278 quo
768 3203 885 3280 egimus
908 3222 975 3262 eum
995 3204 1055 3262 duo
1077 3202 1273 3280 praenomine
1290 3201 1428 3259 habuerit
1441 3199 1535 3277 Appii

207 3311 236 3359 et
252 3299 312 3361 Gai
334 3301 409 3376 (Dic
425 3303 474 3374 60,
492 3303 544 3374 143
567 3302 688 3362 Beinee.
707 3301 754 3374 19,
773 3303 810 3361 13
823 3303 866 3379 ¹);
888 3301 1036 3380 Borghesi
1057 3304 1077 3360 l.
1094 3321 1119 3361 c.
1142 3322 1171 3380 p.
1190 3301 1272 3376 186),
1294 3309 1432 3359 neutrum
1454 3319 1535 3359 com-

207 3413 291 3478 peret
308 3404 385 3462 inter
398 3405 595 3480 praenomine
609 3401 779 3462 Silanorum
794 3405 976 3478 abnepotum
991 3403 1230 3479 ednepctumque
1245 3399 1387 3476 Augusti,
1408 3418 1535 3475 quorum

207 3511 278 3563 netu
299 3503 463 3567 maximum
485 3504 595 3564 dictum
617 3521 685 3562 esse
706 3504 840 3562 Mercum
863 3521 956 3580 supra
976 3502 1121 3574 vidimus,
1148 3501 1227 3559 elios
1254 3499 1331 3558 inira
1351 3499 1535 3576 reperiemus

207 3607 329 3664 nomine
348 3606 490 3664 hebentes
510 3604 598 3664 Lucii
620 3614 650 3664 et
670 3604 797 3664 Decimi.
836 3601 896 3677 Qui
917 3604 1001 3662 novit
1021 3600 1266 3662 consuetudinem
1286 3599 1454 3658 Romsnem
1476 3617 1535 3657 non

207 3704 328 3782 negebit
347 3705 379 3763 id
400 3707 448 3765 vel
468 3703 566 3766 solum
588 3706 725 3765 sufficere
748 3706 784 3764 sd
808 3705 978 3783 opinionem
1000 3710 1149 3780 receptam
1171 3699 1406 3761 convellendam.

291 3808 321 3866 4.
364 3807 498 3865 Titulum
519 3808 666 3866 urbenum
686 3807 776 3865 hodie
798 3805 978 3865 custoditum
1001 3805 1033 3863 in
1054 3821 1158 3862 museo
1170 3802 1336 3861 Veronensi
1350 3802 1443 3860 hunc:
1466 3798 1538 3859 Sari

209 3905 339 3984 Lepidae
360 3907 403 3965 M.
425 3907 892 3978 Silaai5100umetdlldsdeos
914 3909 1023 3982 accepit
1043 3906 1079 3963 ab
1100 3903 1217 3964 Seleuco
1232 3903 1363 3980 Lepidae
1377 3902 1421 3959 M.
1438 3899 1538 3960 Sileni

210 4006 300 4083 (blur.
324 4008 421 4080 1750,
441 4009 474 4079 ὃς
500 4007 649 4085 Borghesi
674 4009 695 4067 l.
713 4027 738 4066 c.
766 4027 794 4083 p.
812 4005 887 4082 213)
913 4007 967 4082 qui
992 4004 1154 4064 defendunt
1179 4003 1350 4080 opinionem
1376 4007 1538 4077 receptam,

209 4117 320 4184 negent
338 4109 486 4186 pertinere
507 4109 545 4167 ed
566 4109 713 4185 Lepidam
734 4116 909 4185 proneptem
931 4108 1078 4183 Augusti,
1104 4106 1194 4164 iidem
1215 4103 1345 4162 confessi
1366 4101 1457 4160 aliem
1477 4099 1538 4160 Le·

210 4208 310 4285 pidem
335 4209 448 4268 nullsm
475 4211 613 4285 reperiri,
642 4228 732 4285 quem
760 4215 878 4267 constet
901 4208 1041 4283 nupsisse
1063 4205 1177 4267 Sileno.
1219 4205 1285 4264 Iem
1306 4209 1466 4280 postquem
1488 4201 1539 4260 de·

210 4310 441 4369 monstravimus
463 4312 617 4388 proneptis
639 4311 704 4369 eius
725 4310 865 4368 meritum
880 4305 1014 4368 Silenum
1036 4324 1095 4364 non
1116 4307 1212 4365 fuisse
1228 4304 1369 4380 Appium,
1391 4302 1466 4361 nihil
1484 4300 1539 4359 oh·

212 4417 287 4481 stet,
314 4412 476 4486 quominus
497 4411 528 4469 in
549 4411 637 4471 titulo
659 4411 717 4470 hoc
742 4410 911 4468 nominetur
935 4408 1004 4483 ipse
1026 4406 1081 4464 illa
1100 4404 1229 4483 Lepida3
1255 4405 1346 4463 immo
1368 4421 1436 4461 cum
1457 4400 1538 4459 lilius

288 4665 312 4729 ¹)
340 4667 456 4718 Titulum
468 4668 531 4722 Sex.
544 4668 643 4720 Titieni
656 4669 752 4729 Erotis,
772 4667 843 4717 cuius
859 4666 909 4716 huo
921 4665 1051 4730 pertinent
1063 4662 1141 4713 verbe
1155 4659 1538 4717 c·lVvas·AP·c·L·SENO,

214 4764 340 4808 serrem
358 4757 436 4809 bodie
455 4761 483 4809 in
501 4775 589 4810 museo
609 4758 766 4820 Oxcniensi,
792 4758 906 4822 inspexit
922 4757 959 4806 ibl
979 4755 1130 4806 Hucbnerus
1148 4751 1334 4814 lectionemque
1353 4747 1538 4811 comprobarit.

213 4847 387 4900 Nihilominus
405 4865 525 4916 rogemus
543 4853 587 4916 qui
606 4851 697 4901 studiis
716 4849 756 4898 bis
774 4849 862 4899 levent
880 4848 969 4898 doctos
987 4846 1125 4896 Britannos
1144 4843 1229 4892 denuc
1249 4839 1362 4904 lapidem
1381 4839 1538 4900 examinent,

213 4953 274 4990 num
298 4947 373 4990 extre
396 4956 473 4992 omne
496 4941 601 4992 dubium
627 4945 662 4991 sit
684 4954 841 5006 praenomen
859 4938 963 5003 patroni
981 4937 1091 5002 duplex;
1114 4949 1176 4985 nem
1195 4931 1352 4997 singulorum
1371 4935 1540 4994 petronorum

213 5031 313 5096 singnis
331 5039 429 5083 tsnmn
447 5034 619 5099 praenomine
636 5032 751 5082 libertini
768 5045 865 5097 ponere
883 5030 979 5090 solent,
998 5043 1047 5079 nec
1065 5025 1169 5077 memini
1189 5023 1251 5075 elibi
1270 5037 1311 5074 me
1329 5019 1421 5086 legisse
1440 5020 1467 5071 ἰιι
1485 5019 1540 5070 elus

212 5125 314 5187 generis
331 5123 465 5176 hominum
483 5125 564 5175 titulis
582 5137 740 5190 prsenomen
758 5124 833 5174 unius
852 5119 956 5188 petroni
974 5119 1079 5186 duplex.
