3742 5826
408 1159 480 1268 lle
518 1149 833 1288 quorundam
869 1140 1212 1258 aedificiorum
1248 1137 1566 1276 publicorum

670 1317 841 1432 'urbis
878 1318 1064 1428 Romae
1102 1311 1284 1425 titulia.

888 1602 1090 1612 ..μ

977 1796 1003 1852 1.

411 1919 449 1979 In
474 1917 673 1996 topographia
699 1917 783 1976 urbis
804 1915 918 1974 Romae
944 1913 982 1971 de
1002 1910 1107 1988 paucis
1127 1910 1218 1982 rebus
1241 1908 1446 1968 vehementius
1467 1905 1652 1982 disputatum

328 2030 377 2081 est
401 2037 492 2095 qnam
518 2017 556 2076 ds
582 2017 699 2076 duobus
719 2016 781 2074 illis
802 2013 922 2090 templis
943 2013 1021 2072 inter
1041 2008 1224 2088 Oapitolium
1245 2008 1394 2069 otiorum
1415 2008 1585 2068 Romamm
1606 2005 1655 2064 vel

329 2120 485 2180 basilicam
498 2118 605 2176 Iuliam
626 2116 704 2189 sitis,
726 2133 852 2191 qnorum
871 2114 951 2173 haud
973 2130 1084 2189 parvae
1106 2110 1250 2186 reliquiae
1271 2117 1442 2187 supersunt
1480 2105 1557 2168 Cum
1574 2105 1654 2164 enim

329 2220 455 2279 alterum
471 2235 540 2278 esse
554 2215 687 2286 Saturni,
709 2216 834 2275 alterum
849 2213 1032 2290 Vespasiani
1046 2218 1207 2283 constaret,
1229 2217 1327 2270 utrum
1342 2207 1534 2286 Vespasiani,
1555 2215 1654 2265 utrum

330 2317 452 2380 Saturni
473 2326 553 2378 esset
574 2317 690 2376 diverse
706 2317 884 2375 iudicarunt.
920 2312 982 2374 Sed
996 2331 1035 2373 ex
1053 2311 1156 2371 multis
1170 2312 1270 2382 rebus,
1285 2311 1393 2386 quibua
1407 2309 1439 2368 in
1453 2307 1655 2383 disputatione

330 2420 379 2478 usi
400 2425 478 2490 sunt,
499 2435 560 2476 una
580 2416 698 2476 videtur
719 2415 857 2474 sufficere
878 2415 918 2472 ad
938 2414 1145 2490 quaestionem
1167 2411 1351 2472 solvendam.
1395 2407 1456 2482 Qui
1476 2408 1554 2467 enim
1576 2407 1656 2466 tituli

329 2520 362 2578 in
383 2517 503 2594 templis
524 2516 613 2576 incisi
632 2515 757 2588 fuerint,
782 2515 820 2574 iis
841 2529 919 2591 quae
941 2532 1020 2574 nunc
1040 2520 1204 2592 supersunt
1224 2522 1254 2572 et
1274 2532 1351 2589 quae
1371 2510 1442 2569 olim
1464 2517 1570 2569 auctor
1590 2507 1656 2566 ido·

330 2634 404 2677 neus
424 2617 499 2695 legit
519 2615 700 2691 comparatis
722 2625 784 2675 tam
804 2624 942 2676 accurate
962 2615 1103 2691 cognosci
1123 2621 1232 2692 potest,
1257 2623 1291 2672 ut
1311 2613 1348 2672 de
1370 2611 1549 2688 templorum
1571 2610 1654 2685 ipso·

326 2735 396 2776 rum
416 2716 585 2776 nominibus
607 2716 802 2776 diiudicatum
824 2715 872 2774 sit

412 2816 612 2876 Interiorum
632 2815 800 2875 Romanum
822 2826 852 2875 et
867 2814 1050 2893 Capitolium
1072 2817 1131 2876 tria
1150 2816 1272 2874 omnino
1293 2814 1413 2874 suerunt
1432 2813 1558 2889 templa3
1580 2811 1655 2885 eius,

330 2917 411 2994 quod
437 2917 607 2992 proximum
632 2916 690 2975 suit
715 2916 859 2976 basilicae
887 2915 997 2988 iuliae,
1020 2924 1183 2994 supersunt
1208 2922 1276 2974 octo
1297 2915 1468 2984 columnae,
1493 2913 1579 2971 iuxta
1599 2911 1657 2970 fuit

330 3016 405 3076 illud
426 3017 512 3076 cuius
532 3035 611 3076 nunc
632 3023 713 3075 stam
733 3026 795 3075 tres
816 3017 987 3088 columnae,
1014 3017 1046 3075 id
1071 3016 1189 3092 excepit
1209 3016 1351 3092 templum
1373 3014 1461 3073 cuius
1481 3031 1561 3072 nunc
1581 3011 1656 3070 nihil

331 3125 475 3193 superest
488 3116 546 3175 nisi
567 3117 768 3176 fundamenta
803 3118 903 3192 Atque
924 3117 982 3176 boo
1002 3117 1123 3192 quidem
1139 3113 1325 3176 Concordiae
1346 3131 1464 3174 sacrum
1478 3113 1572 3174 inisse
1587 3131 1657 3172 con·

331 3224 403 3288 stat,
423 3216 542 3275 illorum
557 3217 683 3287 alterum
700 3215 840 3289 Saturno,
862 3217 988 3276 alterum
1000 3215 1198 3293 Vespasiano.
1234 3217 1272 3274 In
1286 3235 1322 3275 eo
1336 3223 1444 3287 autent,
1463 3216 1545 3290 quod
1558 3215 1657 3292 primo

331 3316 399 3376 loco
420 3317 523 3394 posui,
548 3317 698 3394 zophorus
722 3313 871 3394 frontis¹)
897 3317 1012 3393 integer
1033 3327 1172 3393 superest
1189 3317 1221 3376 in
1243 3333 1338 3393 eoque
1359 3315 1456 3376 incisa
1476 3324 1545 3375 sunt
1566 3315 1655 3374 baec:

593 3455 596 3464 '
707 3450 842 3494 SENATVS
858 3464 865 3480 ·
881 3449 1085 3507 corvivSst
1100 3464 1108 3480 ·
1124 3449 1278 3494 ROMANVS

707 3550 858 3595 tricennio
866 3565 873 3580 ·
883 3549 1115 3596 cousvtnrrvtn·
1123 3550 1280 3594 RESTl'l'Vl'l'

332 3652 525 3737 Exhalterius
544 3651 641 3711 fronte
663 3659 801 3729 superest
820 3654 946 3730 sophori
967 3673 1004 3712 ea
1023 3671 1093 3731 pars
1115 3672 1191 3730 quae
1211 3653 1268 3712 fuit
1280 3670 1372 3729 supra
1389 3662 1554 3713 extremum
1567 3651 1657 3711 inter-

332 3753 513 3811 columnium
532 3751 564 3810 in
577 3769 671 3828 eaque
685 3753 799 3812 incisae
814 3763 884 3813 sunt
896 3755 1012 3814 litterae
1028 3769 1177 3813 esrirvsa.
1213 3754 1256 3813 At
1271 3753 1322 3830 qui
1337 3754 1458 3812 saeculo
1472 3754 1535 3812 iere
1550 3760 1656 3811 octavo

333 3860 589 3910 monumentorum
615 3853 698 3912 urbis
717 3851 832 3912 Romae
857 3854 961 3914 titulos
988 3853 1146 3930 descripsit
1164 3852 1247 3929 ipsas
1268 3853 1448 3930 templorum
1469 3853 1591 3912 illorum
1612 3853 1656 3911 in-

334 3950 514 4024 scriptiones
535 3950 712 4029 integriores
726 3953 813 4026 ridit3
836 3954 868 4012 in
889 3955 991 4014 codiee
1012 3953 1090 4012 enim
1110 3953 1174 4013 eius
1187 3952 1390 4013 Einsiedlensi
1406 3954 1450 4013 sic
1464 3953 1655 4013 exhibentur:

333 4052 364 4107 tu
388 4049 529 4124 Capitolio
551 4049 597 4127 (1)
618 4066 758 4112 sruarvs
776 4067 961 4127 rorvust·
974 4069 1127 4114 nouauvs
1146 4069 1299 4114 rucsumo
1319 4069 1537 4114 cousvurrvra
1556 4069 1656 4112 resri-

333 4164 403 4205 rvrr
423 4146 469 4224 (2)
484 4165 561 4210 nivo
573 4165 763 4211 vasensisuo
774 4168 919 4212 avnvsro
936 4167 1018 4211 s·r·
1031 4169 1072 4225 Q,·
1086 4171 1105 4212 a
1125 4151 1272 4230 (3)1rcrr·
1285 4168 1377 4213 caess
1389 4183 1397 4198 ·
1408 4168 1540 4212 ssvsavs
1552 4169 1588 4210 ετ
1598 4170 1656 4211 ΑΝ-

335 4260 474 4306 rouruvs
486 4277 494 4293 ·
506 4265 544 4307 1³11
559 4265 641 4309 sanic
651 4279 658 4295 ·
670 4267 734 4311 avc
749 4267 992 4312 ussrrrvssvur·
1015 4252 1062 4329 (4)
1076 4267 1092 4310 s
1104 4282 1111 4296 ·
1122 4270 1139 4310 r
1150 4282 1158 4298 ·
1171 4269 1213 4325 Q,-
1226 4271 1259 4312 a·
1269 4271 1373 4313 sensu
1387 4267 1589 4314 coucoanras
1603 4269 1657 4311 ve-

335 4362 470 4406 rvsrsrs
490 4364 672 4409 concursura
691 4367 723 4409 nu
742 4366 903 4411 ustionem
922 4369 1031 4413 sacrem
1046 4367 1142 4412 oreas
1157 4369 1194 4411 ar
1210 4367 1311 4413 cvurv
1326 4369 1546 4414 srunummoae
1561 4369 1655 4411 resri-

335 4462 492 4506 rvsavrur.
528 4447 613 4508 Haec
632 4450 802 4528 quicunque
823 4452 871 4510 vel
893 4452 1071 4511 mediocrem
1093 4451 1214 4529 linguae
1234 4451 1361 4512 Latinae
1383 4453 1537 4513 scientiam
1558 4438 1659 4522 babet,

335 4545 424 4605 facile
448 4547 594 4624 intellegit
620 4558 758 4611 constme
779 4571 819 4611 ex
839 4558 981 4628 quattuor
1002 4551 1261 4628 inscriptionibus,
1288 4571 1364 4630 quas
1385 4553 1517 4613 numeris
1536 4551 1659 4611 insertis

336 4645 469 4705 distinxi.
511 4647 612 4723 Atque
639 4649 772 4709 ultimam
798 4651 917 4727 quidem
944 4659 1056 4710 certum
1084 4660 1132 4710 est
1159 4651 1254 4711 subse
1280 4652 1313 4711 in
1340 4653 1405 4712 eins
1426 4652 1530 4729 templi
1551 4652 1659 4722 fronte,

336 4745 422 4804 cuins
450 4763 528 4805 nnnc
555 4747 748 4809 fundamenta
774 4759 889 4809 tantum
915 4758 1091 4826 supersunt3
1120 4751 1219 4828 prima
1245 4758 1329 4810 extat
1355 4751 1387 4810 in
1412 4752 1546 4829 zophoro
1576 4750 1659 4810 aedis

337 4850 405 4901 octo
430 4845 635 4908 columnarum
642 4868 651 4920 ς
677 4849 797 4909 tertiam
823 4849 918 4908 inisse
945 4851 977 4908 iu
997 4849 1131 4926 zophoro
1151 4850 1234 4911 aedis
1255 4852 1345 4911 trium
1366 4851 1569 4912 columnarum
1590 4850 1658 4909 ideo

414 5059 438 5122 ¹)
465 5063 530 5116 Esse
553 5065 663 5119 frontem
687 5083 740 5118 non
759 5069 882 5132 posticam
902 5084 958 5118 cum
977 5067 1042 5118 alias
1061 5068 1094 5119 ob
1113 5084 1154 5122 res
1172 5071 1306 5135 probabile
1325 5078 1363 5123 est
1381 5077 1435 5122 tum
1454 5072 1513 5123 ideo
1532 5069 1601 5136 quod
1620 5069 1659 5119 iu·

338 5151 432 5214 scripta
449 5158 495 5202 ast.
