3712 5838
578 895 702 1008 PllR
739 890 1077 1008 AVCTOREM
1114 889 1422 1007 TVTOREM.

419 1349 486 1410 'Per
511 1344 646 1409 tutorem’
674 1355 705 1406 et
723 1344 828 1406 ‘tutore
854 1343 983 1407 auctore'
1012 1347 1104 1406 verba
1129 1345 1264 1424 plerique
1291 1345 1464 1422 peritiorum
1491 1347 1534 1405 ita
1559 1345 1665 1406 distin·

336 1464 444 1532 guunt,
471 1458 504 1510 nt
528 1449 603 1509 illud
630 1449 744 1508 dicatur
765 1449 816 1509 ubi
838 1448 922 1508 solus
944 1458 1025 1508 tutor
1045 1467 1106 1508 rem
1128 1457 1268 1525 peragat,
1294 1447 1353 1506 hoc
1374 1448 1423 1506 ubi
1444 1447 1509 1523 ipse
1530 1447 1664 1525 pupillus

337 1575 400 1614 rem
420 1561 514 1631 gerat,
536 1560 618 1609 tutor
638 1559 736 1609 autem
759 1549 887 1609 consilio
909 1559 940 1608 et
961 1549 1139 1608 anctoritate
1160 1549 1311 1626 negotium
1334 1549 1497 1608 confirmet.

420 1656 463 1713 At
485 1671 555 1712 vero
582 1658 731 1730 repugnat
758 1659 861 1709 notum
888 1651 1065 1727 rescriptum
1087 1649 1175 1708 Decii
1188 1633 1391 1725 'imperatoria
1414 1651 1451 1708 de
1472 1651 1666 1726 possessione

335 1756 442 1816 infanti
464 1751 636 1830 quaerenda
656 1751 692 1810 L.
710 1751 727 1810 3
748 1750 784 1811 O.
808 1752 844 1810 de
865 1769 948 1829 poss.
972 1751 1001 1823 7,
1018 1751 1070 1810 32:
1097 1747 1292 1809 ‘Donatarum
1320 1771 1420 1810 rerum
1448 1770 1467 1809 a
1486 1768 1664 1828 quacunque

336 1874 465 1934 persona
485 1854 593 1912 infanti
614 1870 711 1910 vacua
725 1853 878 1928 possessio
894 1851 1003 1910 tradita
1017 1871 1142 1928 corpore
1158 1851 1320 1928 quaeritur.
1356 1853 1496 1927 quemvis
1511 1853 1589 1910 enim
1605 1854 1665 1912 sint

336 1965 490 2017 suetorum
519 1954 682 2013 sententiae
711 1953 940 2025 dissentientes,
969 1962 1067 2011 tamen
1089 1953 1255 2014 consultius
1277 1953 1404 2025 videtur,
1431 1954 1567 2026 interim,
1595 1955 1666 2013 licet

336 2058 428 2116 animi
454 2055 561 2134 plenus
583 2073 643 2113 non
664 2054 772 2114 inisset
793 2055 933 2127 affectus,
954 2055 1178 2132 possessionem
1200 2073 1255 2130 per
1275 2054 1463 2113 traditionem
1485 2071 1554 2113 esse
1575 2073 1666 2130 quae·

336 2159 437 2217 sitam:
464 2156 612 2233 alioquin,
634 2155 721 2215 sicuti
742 2156 959 2216 consultissimi
980 2157 1036 2214 viri
1058 2155 1218 2233 Papiniani
1238 2173 1387 2233 responso
1408 2155 1586 2226 continetur,
1611 2175 1666 2216 nec

335 2259 454 2338 quidem
476 2276 530 2333 per
551 2265 680 2316 tutorem
700 2257 805 2316 infanti
820 2259 931 2334 poterit
944 2251 1081 2334 adquiri.‘
1115 2273 1211 2332 neque
1226 2257 1304 2314 enim
1319 2267 1352 2316 ut
1366 2256 1448 2316 solus
1463 2264 1545 2316 tutor
1558 2257 1665 2317 infanti

336 2358 560 2437 possessionem
582 2366 708 2435 quaerat
729 2376 785 2417 suo
808 2369 885 2430 actu,
908 2359 962 2417 sed
984 2365 1099 2417 tantum
1121 2365 1155 2415 ut
1175 2358 1338 2417 auctoritas
1354 2366 1434 2416 reete
1448 2359 1664 2434 interponatur,

335 2466 532 2520 necesseest
557 2458 652 2536 ipsius
675 2459 798 2518 infantis
818 2455 969 2536 ‘corpore’,
995 2458 1027 2517 id
1053 2467 1100 2518 est
1127 2458 1380 2534 apprehensione,
1407 2469 1438 2518 et
1462 2459 1563 2520 auimo
1587 2457 1667 2520 ‘lieet

334 2563 433 2621 minus
448 2555 557 2636 pleno'‚
579 2578 639 2617 non
654 2559 750 2618 solam
766 2559 978 2632 detentionem,
993 2559 1047 2618 sed
1060 2561 1157 2635 ipsam
1170 2555 1407 2637 ‘possessiouem'
1426 2557 1560 2620 ‘interim’
1575 2573 1664 2634 certe,

335 2664 367 2723 id
392 2671 440 2721 est
466 2661 561 2720 donec
587 2669 668 2718 tutor
696 2661 903 2720 auctoritatem
932 2670 984 2719 aut
1009 2660 1211 2720 accommodet
1232 2669 1284 2719 aut
1305 2661 1446 2738 deneget,
1476 2662 1581 2722 infanti
1602 2665 1662 2723 iam

335 2781 404 2823 essa
425 2761 603 2837 quaesitam.
640 2767 670 2817 et
689 2760 732 2819 ita
745 2762 870 2837 primus,
892 2761 971 2836 quod
987 2762 1091 2833 sciam,
1113 2760 1288 2820 Alexander
1301 2759 1517 2822 Constantinus
1533 2761 1666 2824 Seudrea

335 2863 488 2922 Romanus
517 2861 550 2918 iu
579 2859 786 2919 dissertatione
812 2861 849 2920 de
876 2863 1069 2936 possessione
1098 2881 1152 2938 per
1177 2863 1267 2922 alium
1297 2863 1483 2939 adquirenda
1513 2864 1664 2939 (Berolini

339 2961 432 3037 1865)
454 2978 523 3037 pag.
539 2959 577 3018 ³7
600 2979 664 3018 rem
686 2961 847 3039 expedivit.

420 3059 482 3123 Sed
503 3069 570 3132 utut
591 3061 666 3120 haec
686 3063 797 3122 rectius
820 3081 910 3140 quam
932 3074 1020 3123 antea
1041 3065 1193 3124 intellecta
1209 3084 1245 3124 ac
1260 3065 1412 3142 disputata
1424 3066 1543 3140 fuerint,
1565 3077 1665 3130 nmen

335 3163 480 3225 eiusmodi
502 3163 662 3222 locutionis
684 3164 781 3222 adhuc
803 3164 922 3224 deluere
945 3165 1124 3225 testimonie.
1161 3167 1352 3242 nequeenim
1367 3169 1471 3244 negari
1486 3172 1585 3246 potuit
1603 3167 1664 3248 ‘per

334 3259 469 3324 tutorem’
493 3274 563 3324 tunc
585 3263 703 3324 demum
726 3265 790 3323 fieri
812 3265 907 3324 videri
930 3265 979 3324 ubi
1002 3268 1084 3326 solus
1106 3276 1188 3325 tutor
1203 3276 1282 3344 agat,
1304 3285 1364 3326 non
1378 3268 1428 3326 ubi
1442 3269 1550 3347 pupilli
1565 3275 1665 3350 agenti

335 3367 541 3426 auctoritatem
562 3365 720 3424 dumtaxat
741 3367 957 3426 accommodet:
986 3366 1021 3425 L.
1040 3368 1054 3426 1
1073 3367 1090 3425 3
1112 3367 1152 3426 20
1171 3367 1211 3426 D.
1236 3367 1272 3426 de
1295 3385 1378 3444 poss.
1401 3369 1466 3444 (41,
1481 3369 1514 3446 2)
1536 3369 1572 3430 1..
1589 3373 1607 3430 5
1628 3371 1663 3433 C.

334 3467 454 3544 quando
476 3465 616 3526 exsecto
638 3467 745 3526 tutoris
768 3467 812 3542 (5,
828 3467 892 3544 39).

417 3566 531 3627 Gratus
557 3567 650 3645 igitur
677 3569 849 3643 supervenit
870 3567 1029 3646 Bingenais
1056 3568 1159 3629 titulus
1185 3570 1362 3645 sepulcralis
1388 3571 1487 3631 editus
1515 3590 1611 3648 nuper
1630 3574 1662 3632 in

332 3668 522 3747 ephemeride
544 3668 770 3745 arehaeologica
790 3667 979 3727 Berolinensi
991 3666 1019 3746 ¹)
1041 3670 1205 3730 indubitate
1226 3671 1269 3728 ita
1289 3671 1446 3746 legendus:
1475 3668 1517 3733 ‘C.
1536 3672 1660 3732 Vescius

334 3768 368 3831 Ο.
388 3767 542 3844 lib(ertus)
562 3767 567 3846 Ι
586 3767 706 3828 Primus
727 3769 827 3828 lanius
849 3769 926 3845 h(ic)
949 3770 1056 3847 s(itus)
1078 3767 1189 3850 e(st).l
1214 3768 1250 3829 C.
1265 3771 1393 3831 Vescius
1416 3770 1452 3832 O.
1474 3773 1585 3850 t(ilius)
1609 3773 1661 3834 Se·

332 3889 421 3931 verus
447 3870 452 3946 Ι
476 3878 507 3927 et
530 3868 695 3945 Peregrina
722 3866 757 3927 C.
781 3864 787 3948 Ι
810 3867 900 3927 Vesci
928 3871 992 3929 filia
1018 3869 1161 3952 lecerulut
1186 3891 1241 3949 per
1267 3879 1417 3931 auctorem
1444 3873 1599 3949 {tutorem
1624 3871 1660 3934 0.

332 3970 441 4030 Vescio
461 3969 466 4045 Ι
485 3967 520 4030 0.
536 3967 674 4045 lib(erto)
689 3964 809 4027 voro!
842 3988 910 4028 nam
932 3971 975 4029 ibi
994 3968 1056 4049 ‘per
1077 3967 1212 4031 tutorem’
1233 3991 1289 4048 pro
1309 3969 1415 4033 ‘tutore
1436 3970 1565 4034 auetore'
1588 3975 1660 4034 dici-

332 4079 382 4129 tur
402 4070 490 4144 idque
512 4077 638 4144 apparet
660 4087 719 4127 non
741 4067 837 4127 solum
859 4088 899 4128 ex
919 4073 1118 4149 appositione,
1140 4073 1353 4134 verumetiam
1375 4093 1414 4133 ex
1436 4073 1585 4134 ablativis.

335 4225 537 4236 .......---—-

411 4303 433 4366 ¹)
463 4305 497 4355 a.
514 4305 583 4356 ussa
604 4307 654 4356 v01.
669 4308 702 4356 ar
723 4323 748 4372 p.
763 4309 797 4359 το
822 4308 865 4359 ubi
884 4310 1060 4360 mammenus
1084 4311 1237 4376 significavit
1255 4313 1304 4364 tut
1324 4283 1557 4366 aemulationem
1577 4321 1659 4365 orum

333 4397 414 4448 rideri
432 4412 465 4447 ex
485 4396 593 4447 duarum
612 4397 781 4449 formularum
800 4400 920 4464 imperita
938 4401 1097 4452 confusione.

1455 4528 1616 4586 Rvoonrr.

765 5237 865 5288 Formis
885 5237 1049 5290 Academlcia
1069 5239 1112 5300 (G.
1126 5240 1224 5305 Vogt).
