3712 5838
595 591 893 645 ossenvnrronas
911 591 1029 644 error.
1050 591 1132 642 xm.
1452 576 1525 646 271

199 758 281 834 dumio
306 751 480 846 Βαρβάρων.
518 755 593 819 δυεῖν
621 757 647 819 δ’
671 763 703 820 εἐι
728 765 780 820 τοῦ
800 754 962 832 Πολέμωνος
983 752 1068 820 dauwe
1095 763 1160 820 υἱῶν
1187 753 1234 820 aui
1260 759 1412 848 Separpdc
1438 761 1454 837 ἦ
1481 756 1531 834 μὲν

197 856 289 932 ἐδέθη
312 855 405 921 Ko'rul'
419 865 461 938 τῷ
482 855 612 939 Σαπαῖῳ,
635 855 881 939 δολοφονηθέντος
901 852 933 920 δὲ
954 864 1038 938 (ante
1060 883 1087 922 a.
1109 881 1138 939 p.
1162 862 1234 923 Chr.
1258 864 1294 923 19
1317 865 1391 925 Tae.
1413 868 1528 940 111112,

199 967 248 1027 65.
273 965 326 1042 66)
349 953 491 1046 ἒχῆρευσε
506 959 614 1025 παῖδας
634 953 751 1040 ἔχουσα
772 959 807 1044 ἐξ
822 961 926 1022 euirati·
949 955 1115 1022 denanarius
1137 960 1163 1022 δ’
1181 963 1195 1022 a‘
1210 957 1412 1048 πρεσβύτατος
1425 965 1527 1028 αὐτῶν.

196 1069 251 1126 τῶν
272 1055 303 1124 δὲ
323 1067 375 1136 τῆς
395 1056 601 1148 Πυθοδωρῖδος
627 1065 692 1121 υἱοῖν
713 1063 727 1122 o‘
754 1054 803 1133 μὲν
828 1059 940 1134 ἰδιώτης
966 1057 1112 1141 συνδιῴκει
1138 1068 1173 1142 τῇ
1196 1057 1273 1150 μητρὶ
1299 1062 1349 1137 τὴν
1375 1063 1485 1152 ἀρχήν,
1513 1068 1528 1127 ὅ

199 1156 231 1225 δὲ
254 1157 362 1232 Ινεωστὶ
390 1155 575 1224 ›suffla-raras
607 1166 658 1234 τῆς
688 1155 819 1241 μεγάλης
843 1161 990 1248 Ἀρμενίοις
1015 1155 1174 1230 βασιλεύς·
1207 1163 1279 1238 ἀυτὴ
1307 1159 1338 1224 δὲ
1366 1160 1529 1244 συνῴκησεν

197 1258 354 1352 Ἀρχελάῳ
382 1256 430 1324 uui
456 1257 613 1332 συνέμεινεν
644 1257 737 1340 εἰιεῖνῳ
765 1256 850 1348 μέχρι
879 1256 977 1326 τέλους
1003 1265 1113 1343 (tangil
1133 1268 1274 1327 Archelai
1302 1271 1382 1348 regis
1408 1269 1529 1349 Cappa·

200 1368 304 1428 dociae
336 1367 540 1428 evocationem
573 1367 605 1424 iu
637 1367 741 1425 urbem
773 1384 800 1425 a.
826 1386 857 1443 p.
884 1365 957 1426 Chr.
988 1368 1025 1424 14
1056 1375 1240 1445 mortemque
1268 1389 1295 1438 a.
1322 1391 1351 1448 p.
1378 1371 1451 1432 Chr.
1476 1373 1531 1444 17,-

199 1469 237 1528 (11.
266 1469 339 1528 Tac.
368 1487 435 1526 ann.
460 1467 488 1539 2,
510 1465 550 1525 42
583 1476 614 1526 el
640 1465 762 1526 Cllnton
788 1468 857 1526 11181.
885 1467 967 1526 Heli.
991 1469 1008 1526 3
1036 1487 1065 1544 p.
1088 1468 1174 1545 438),
1208 1472 1255 1527 νῦν
1282 1459 1313 1527 δὲ
1339 1464 1467 1555 χηρεύει,
1492 1464 1530 1534 τά

200 1591 231 1628 ra
250 1559 403 1647 λεχθέντα
424 1557 541 1644 ἔχουσα
556 1558 652 1650 χωριά
671 1557 720 1624 ucri
740 1557 818 1624 ιῖλλα
832 1561 940 1625 ἐκείνων
954 1559 1138 1652 χαριέστεροι,
1158 1559 1218 1652 περὶ
1234 1559 1271 1628 eiu
1286 1567 1395 1652 ἐφεξῆς
1408 1571 1530 1654 ἐροῦμεν.

202 1670 286 1745 Quae
315 1687 382 1728 cum
410 1669 528 1746 egregie
552 1670 732 1727 conveniant
758 1687 825 1727 cum
851 1669 938 1727 titulo
960 1666 1137 1745 Smyrnaeo,
1164 1689 1242 1729 nunc
1264 1671 1383 1730 demum
1405 1673 1532 1734 addisci·

201 1788 269 1832 mus
290 1769 526 1847 Pythodoridem
551 1778 653 1828 natam
675 1787 742 1828 esse
763 1789 802 1828 ex
822 1770 957 1828 Antonia
983 1777 1013 1827 et
1033 1771 1072 1828 ab
1093 1771 1150 1830 hec
1170 1771 1239 1848 ipsa
1259 1773 1394 1832 Antonia
1414 1776 1532 1850 generis

202 1872 392 1948 splendorem
418 1871 609 1946 potissimum
635 1869 794 1947 proficisci.
842 1869 942 1929 Aliter
970 1869 1048 1928 enim
1077 1871 1224 1948 explicari
1249 1874 1362 1949 nequit,
1396 1877 1477 1951 quod
1502 1883 1533 1935 et

202 1972 337 2032 Antonia
362 1971 414 2030 illa
439 1972 608 2049 appellatur
633 1962 774 2054 εὐεργέτις
806 1972 966 2049 agnomine
993 1972 1076 2047 regio
1103 1977 1133 2030 et
1159 1971 1222 2029 lilia
1250 1964 1412 2056 φιλομήτωρ
1438 1975 1533 2050 (quod

203 2089 364 2152 agnomen*
393 2073 464 2131 item
500 2073 578 2149 gerit
616 2071 648 2129 in
688 2072 776 2129 titulo
811 2071 913 2129 Attico
952 2072 1031 2130 edito
1070 2079 1142 2148 post
1176 2073 1253 2132 alios
1288 2093 1307 2131 a
1342 2074 1532 2150 Bergmanno

202 2175 322 2234 Ballou.
345 2175 365 2232 l.
388 2193 413 2234 c.
441 2193 471 2250 p.
495 2173 534 2232 82
562 2173 632 2230 h'oc:
664 2167 678 2229 ὅ
706 2166 819 2247 δῆμ[ος]
851 2164 1033 2236 βασίλισσαν
1058 2165 1251 2256 Πυθοδωρῖδα
1281 2165 1470 2258 ιριλομῆτοροι)
1502 2185 1533 2235 et

204 2293 300 2352 nepos
343 2268 545 2358 θυγατριδοῦς
579 2273 728 2332 Antoniae
772 2274 942 2350 praeteritis
984 2274 1049 2331 avis
1085 2272 1201 2332 duobus
1237 2275 1365 2350 aviaque
1399 2283 1531 2351 paterna.

203 2375 343 2453 Denique
358 2375 437 2452 quod
457 2376 489 2434 in
503 2374 678 2451 parentibus
693 2374 824 2433 Zenonis
846 2373 1055 2432 enumerandis
1070 2383 1165 2434 mater
1184 2376 1289 2452 regina
1303 2384 1417 2453 patrem
1431 2394 1532 2454 regem

203 2477 364 2552 praecedit,
386 2493 422 2536 eo
438 2475 622 2552 significetur
635 2476 744 2550 opinor
764 2494 888 2551 regnum
904 2475 993 2532 Ponti
1015 2477 1059 2534 ita
1073 2476 1215 2552 coniuges
1231 2477 1321 2535 simul
1335 2477 1478 2550 tenuisse,
1501 2485 1533 2537 ut

204 2575 241 2636 ad
268 2577 502 2654 Pythodoridem
533 2577 632 2654 potius
659 2583 808 2653 spectaret
839 2592 927 2650 quam
961 2576 999 2633 ad
1026 2576 1229 2635 Polemonem.
1271 2577 1420 2653 Equidem
1453 2586 1533 2638 certe

204 2677 293 2736 aliam
316 2679 380 2736 eius
402 2677 608 2736 collocationis
629 2677 775 2735 rationem
796 2675 933 2735 idoneam
950 2676 1062 2734 nullam
1077 2678 1239 2755 perspicio;
1266 2696 1336 2736 narn
1351 2697 1534 2755 quamquam

204 2778 268 2837 fieri
294 2787 404 2855 potest,
430 2785 464 2837 ut
485 2796 544 2854 quo
568 2787 701 2854 tempore
723 2786 824 2836 statua
845 2777 958 2836 Zenoni
985 2777 1122 2836 dedicata
1148 2785 1202 2850 est,
1230 2778 1393 2838 Polemone
1415 2789 1532 2839 mortuo

204 2879 387 2958 Pythodoris
414 2879 480 2937 sola
506 2879 653 2955 regnarit,
680 2887 802 2955 propter
828 2897 894 2936 eam
921 2896 1056 2950 oausam,
1084 2880 1166 2954 quod
1192 2887 1279 2955 pater
1300 2889 1436 2939 mortuus
1459 2889 1533 2952 erat,

205 2990 300 3040 mater
325 2990 424 3041 autem
449 2980 480 3038 in
508 2980 600 3051 vivis,
628 2985 715 3055 pater
744 2979 831 3036 matri
857 2979 1000 3055 postponi
1026 2997 1086 3038 non
1113 2978 1226 3038 debuit.
1274 2978 1387 3039 Contra
1413 2983 1533 3060 generis

204 3081 348 3158 splendor
368 3091 398 3140 et
412 3081 510 3158 ipsum
525 3079 745 3156 quodammodo
766 3095 890 3155 regnum
912 3079 937 3136 si
954 3079 1200 3156 proficiscebatur
1221 3080 1259 3138 ab
1274 3082 1407 3140 Antonia
1421 3082 1533 3159 Pytho·

206 3183 321 3243 doridis
343 3189 448 3254 matre,
469 3189 500 3240 et
520 3182 578 3240 hoc
598 3181 791 3256 intellegitur,
817 3199 869 3238 cur
890 3180 996 3238 marito
1018 3179 1157 3238 defuncto
1184 3199 1245 3238 uon
1264 3181 1345 3240 lilius
1367 3183 1395 3240 ei
1407 3170 1534 3243 'succes-

205 3284 290 3356 serit,
312 3284 366 3343 sed
388 3301 466 3342 uxor
487 3284 576 3342 etiam
599 3289 687 3341 antea
701 3299 757 3341 suo
776 3281 841 3340 iure
863 3297 992 3356 regnans
1009 3287 1115 3356 postea
1130 3280 1197 3339 sola
1211 3282 1352 3356 regnarit,
1374 3290 1404 3340 et
1425 3283 1533 3342 marito

206 3403 259 3444 cur
290 3394 500 3463 praeponatur.
552 3381 650 3456 Quam
682 3383 722 3440 ob
753 3403 815 3441 rem
847 3382 921 3440 haec
948 3381 1082 3440 Antonia
1114 3399 1261 3458 quaenam
1294 3399 1361 3440 esse
1392 3384 1534 3458 potuerit,

206 3486 370 3545 vidmmus.

288 3589 425 3646 Aetatem
456 3586 609 3644 11101111
640 3583 857 3661 quodammodo
890 3583 1034 3641 11111111
1064 3583 1204 3659 111111
1234 3583 1533 3660 11111111010111
1577 3568 1587 3580 “

206 3688 332 3764 eiusque
354 3687 497 3765 progenie
519 3685 629 3746 tradita
648 3685 803 3744 habemns.
846 3685 956 3743 Filium
978 3683 1193 3762 Pythodoridis
1214 3693 1286 3742 natu
1311 3684 1455 3743 minorem
1478 3685 1533 3744 Ze·

208 3807 314 3850 nouem
334 3806 426 3866 supra
440 3789 567 3847 vidimus
589 3807 618 3846 a.
632 3805 663 3864 p.
679 3785 750 3846 Chr.
768 3786 805 3845 18
820 3786 975 3844 florentem
996 3786 1132 3844 iuvenem
1153 3785 1184 3844 in
1198 3784 1407 3844 venationibus
1422 3785 1534 3860 epulis·

207 3908 266 3967 que
283 3890 408 3963 versari,
428 3889 521 3948 liliam
543 3897 665 3965 nuptam
688 3886 777 3964 Cotyi
799 3887 863 3963 regi
882 3886 1031 3946 Thraciae
1052 3887 1132 3945 circa
1152 3886 1231 3944 idem
1245 3891 1362 3960 tempus
1376 3885 1533 3945 interiecto

208 3991 425 4067 habentemque
450 3990 562 4050 liberos
589 4008 616 4048 a.
639 4008 668 4065 p.
691 3987 763 4048 Chr.
788 3988 825 4047 19
854 3986 985 4046 nondum
1012 3987 1140 4058 adultos,
1171 3993 1205 4046 ut
1233 3994 1314 4045 tutor
1338 4002 1441 4045 eorum
1466 3986 1533 4044 loco

208 4110 331 4171 regnum
346 4091 464 4150 interim
478 4097 620 4150 tractaret
636 4089 774 4166 (Tacitus
789 4107 856 4146 ann.
870 4088 898 4161 2,
912 4088 977 4165 67).
1005 4088 1196 4164 Quapropter
1209 4105 1275 4147 cum
1290 4086 1344 4146 filii
1359 4087 1534 4147 Polemonis

209 4199 240 4251 et
253 4192 467 4270 Pythodoridis
489 4201 557 4252 ante
573 4209 682 4250 anuum
697 4199 776 4250 certe
791 4191 808 4248 7
812 4191 852 4250 50
867 4191 929 4249 nati
951 4190 1011 4249 siut
1032 4199 1062 4249 et
1075 4206 1199 4248 numero
1217 4196 1279 4248 tres
1296 4189 1416 4260 fuerint,
1438 4189 1534 4264 ipsius

209 4293 424 4370 Pythodoridis
445 4293 561 4353 natales
583 4301 651 4352 ante
666 4311 775 4351 annum
790 4297 870 4350 certe
886 4289 944 4349 727
960 4290 1131 4362 reiciantur,
1152 4292 1244 4350 immo
1259 4288 1414 4366 probabile
1435 4297 1481 4348 est
1495 4287 1533 4346 ad

209 4411 321 4453 aunum
342 4411 367 4453 c.
385 4393 512 4454 110101
533 4393 724 4454 adscendere.
756 4392 806 4452 Ita
825 4409 885 4468 quo
906 4401 1039 4466 tempore
1055 4389 1163 4452 Strabo
1182 4391 1305 4466 scripsit
1325 4388 1535 4465 quinquagesi-

209 4512 290 4555 mum
318 4494 381 4553 fere
408 4513 518 4553 anuum
545 4497 653 4571 agebat
678 4496 831 4569 uitamque
858 4491 1031 4568 protrahere
1056 4491 1154 4567 potuit
1180 4491 1220 4549 ad
1245 4507 1273 4547 a.
1302 4510 1330 4548 u.
1359 4506 1384 4546 c.
1412 4486 1469 4545 791
1495 4510 1532 4536 =

210 4615 240 4673 p.
255 4595 327 4657 Chr.
345 4597 395 4668 38,
410 4613 469 4673 quo
483 4594 609 4655 Polemo
624 4594 745 4654 ultimus
759 4611 814 4652 rex
828 4592 919 4653 Ponti
933 4609 1059 4670 regnare
1072 4589 1215 4666 cospitl).
1235 4621 1273 4631 -
1297 4585 1387 4661 Quod
1401 4587 1428 4646 si
1441 4585 1534 4645 Wad-

289 4851 313 4915 ¹)
341 4851 504 4918 Quamquam
527 4859 663 4919 postquam
686 4850 906 4915 Waddlngtouius
931 4849 1019 4900 docuit
1044 4849 1113 4898 hunc
1135 4849 1164 4898 in
1186 4845 1297 4897 nummis
1320 4843 1383 4894 anni
1404 4842 1443 4892 sui
1468 4841 1538 4891 tertii

213 4943 311 4993 vultum
329 4958 420 5008 gerere
438 4946 512 5010 pueri
530 4960 658 4995 annorum
680 4943 735 4994 fera
759 4941 904 5008 quindecim
927 4942 1014 5006 itaque
1033 4953 1081 5004 pro
1100 4937 1155 4988 lilio
1173 4934 1358 5001 Pythodoridis
1376 4933 1466 4984 haberi
1483 4945 1538 4984 non

213 5048 298 5098 posse,
316 5035 426 5086 11111111
444 5036 513 5087 inter
530 5049 589 5086 eum
607 5035 775 5099 ultimumque
787 5033 954 5084 Polemonem
967 5030 1168 5096 interponendas
1181 5035 1220 5079 est
1230 5027 1339 5080 Polemo
1351 5023 1539 5090 Pythodoridia

213 5124 282 5176 lilius
300 5125 385 5176 maior
403 5127 438 5189 is,
464 5141 540 5193 quem
559 5125 716 5192 aliquamdiu
741 5141 799 5175 cum
818 5131 900 5176 matre
918 5137 1025 5188 regnum
1043 5121 1235 5173 administrasse
1254 5117 1348 5173 Strabo
1367 5115 1463 5169 scribit.
1501 5114 1540 5166 At

214 5231 273 5268 eum
289 5217 384 5272 Strabo
404 5218 531 5284 signlheet
549 5233 608 5270 eum
626 5225 709 5269 matre
726 5218 787 5268 vira
803 5231 911 5282 reguum
930 5225 988 5268 cum
1007 5229 1039 5267 es
1057 5212 1236 5266 administrare
1250 5211 1366 5276 desiisse,
1383 5207 1467 5275 magis
1485 5217 1539 5257 ere·
