3742 5826
687 562 736 614 nu
756 563 900 618 mrvms
920 565 1076 622 spurcis.
1473 555 1544 628 117

214 729 267 806 qui
289 729 424 790 Drusum
449 731 597 790 iuniorem
623 731 785 809 significari
812 733 914 792 velint.
956 734 989 793 ls
1016 739 1095 796 euim
1122 756 1200 797 auno
1223 739 1261 799 15
1276 757 1305 815 p.
1322 737 1393 801 Ohr.
1415 742 1545 820 demum,

215 831 355 908 Augusto
376 839 504 904 mortuo,
525 833 654 908 primum
675 833 782 892 consul
802 833 901 894 iactus
923 843 979 893 est.
1015 833 1076 897 Sed
1097 856 1165 898 eum
1185 839 1240 898 illa
1254 841 1396 918 temporis
1411 843 1545 906 definitio

215 931 284 1008 ipsa
304 951 365 990 nou
386 933 476 1009 plane
497 941 578 992 certa
599 939 630 992 et
650 932 817 992 indubitata
838 936 888 1006 sit,
910 953 947 994 ea
966 936 1017 995 hic
1036 937 1093 996 uiti
1113 939 1193 998 uolo.
1230 936 1289 1000 Sed
1306 941 1420 1001 accedit
1433 945 1544 1006 certius

214 1041 433 1108 argumentum,
454 1033 586 1110 positum
606 1033 637 1091 iu
652 1033 854 1094 additamento
868 1035 949 1110 qnod
964 1042 1010 1094 est
1024 1027 1144 1094 ὑπάτου.
1178 1038 1314 1115 Uterque
1327 1041 1449 1116 quidem
1464 1043 1545 1105 Dru«

215 1149 269 1191 sus
283 1134 442 1192 consulatu
455 1133 575 1192 iunctus
590 1143 646 1206 est,
661 1134 762 1194 iunior
775 1135 830 1193 bis.
843 1187 845 1190 .
861 1133 922 1196 Sed
937 1136 968 1193 in
982 1136 1039 1195 hoo
1052 1137 1115 1197 lilio
1129 1137 1330 1215 imperatoris,
1344 1160 1433 1218 qnem
1443 1144 1543 1221 ipsum

214 1233 375 1309 aliquando
397 1235 612 1312 imperaturum
626 1235 787 1295 verisimile
807 1243 880 1308 erat,
902 1235 1078 1296 consulatus
1099 1255 1160 1296 non
1180 1239 1256 1297 tanti
1277 1243 1419 1300 momenti
1433 1252 1489 1317 est,
1511 1252 1545 1303 ut

215 1333 281 1390 eius
296 1333 473 1410 significatio
487 1336 602 1394 nomini
616 1335 743 1394 addatur
757 1336 788 1393 in
803 1336 1002 1414 appellatione
1016 1336 1184 1410 sacerdotii,
1206 1339 1286 1416 quod
1301 1341 1352 1400 diu
1369 1343 1460 1402 etiam
1475 1357 1545 1422 post

215 1431 295 1492 illius
322 1444 446 1494 mortem
474 1433 642 1512 duravit1).
686 1436 752 1496 Imo
774 1446 837 1496 tum
857 1436 906 1496 vel
927 1438 1058 1497 maxime
1078 1430 1222 1519 Καίσαρος
1243 1439 1378 1500 additum
1400 1459 1470 1502 esse
1490 1461 1544 1502 ex·

216 1536 408 1609 spectaveris.
442 1535 508 1595 Iam
529 1555 567 1594 ue
588 1536 620 1596 id
641 1536 762 1612 quidem
783 1537 922 1608 dixerim,
943 1537 974 1594 iu
996 1537 1100 1597 Druso
1121 1540 1233 1597 maiore
1255 1539 1286 1597 id
1308 1541 1544 1602 additamentum

215 1633 290 1692 nibil
315 1635 382 1694 miri
408 1643 498 1712 atque
522 1636 638 1695 insoliti
659 1635 818 1711 haberet).
861 1637 1025 1697 Attamen
1046 1639 1193 1714 explicari
1214 1647 1315 1716 potest
1335 1659 1388 1700 our
1409 1643 1544 1703 additum

215 1735 265 1807 sit,
287 1754 354 1794 cum
374 1736 494 1796 Drusus
516 1737 612 1796 maior
632 1737 663 1794 iu
684 1737 846 1797 consulatu
866 1747 1002 1799 mortuns
1024 1739 1073 1808 sit,
1095 1739 1139 1797 ita
1159 1745 1192 1798 ut
1212 1740 1239 1797 is
1261 1740 1454 1818 magistratus
1470 1761 1543 1819 quo-

215 1836 373 1896 dammodo
394 1855 542 1896 summum
564 1837 717 1914 fastigium
739 1837 780 1897 sit
799 1855 902 1896 eorum
924 1856 1001 1914 quae
1023 1838 1149 1915 adeptus
1172 1844 1233 1912 est,
1260 1840 1288 1897 si
1308 1858 1369 1898 nou
1390 1842 1491 1919 specie
1510 1850 1543 1903 at

214 1944 293 1996 oerte
315 1938 445 2014 reipsa.

299 2036 389 2111 Quod
410 2039 437 2099 si
457 2038 528 2098 hoio
541 2036 658 2098 Neroni
672 2037 801 2102 Claudio
815 2038 918 2098 Druso
933 2038 1064 2118 Augusti
1084 2035 1222 2118 privigno
1243 2037 1319 2098 illnd
1341 2040 1541 2102 secerdotium

215 2139 386 2212 tribuimus,
412 2139 572 2200 infeliciter
598 2139 719 2210 accidit,
745 2139 826 2216 quod
850 2158 889 2199 ue
914 2138 958 2197 ita
982 2139 1103 2215 quidem
1129 2138 1291 2198 difficultas
1317 2141 1460 2218 temporis
1489 2142 1540 2200 de-

215 2239 335 2300 liniendi
365 2257 491 2318 prorsus
521 2247 699 2300 removetur.
738 2239 828 2300 Nam
859 2240 926 2300 siue
957 2239 1048 2298 dubio
1077 2248 1158 2298 recte
1185 2239 1392 2299 Mommsenus
1419 2240 1541 2315 iudicat,

215 2343 354 2416 quamvis
373 2340 472 2400 dicere
491 2360 552 2401 nou
572 2341 674 2414 liceat,
696 2341 761 2400 lieri
783 2340 903 2399 omniuo
925 2358 985 2398 uou
1005 2341 1156 2416 potuisse,
1180 2339 1293 2397 utiam
1317 2339 1455 2416 Augusto
1477 2359 1541 2419 reg·

215 2450 304 2501 nante
329 2441 450 2502 Drusus
471 2441 600 2502 Athenis
626 2441 735 2500 divinis
757 2441 921 2500 bonoribus
943 2440 1121 2512 elideretur,
1147 2445 1247 2498 tumen
1273 2437 1304 2496 id
1332 2438 1453 2498 minime
1478 2439 1543 2498 vari

216 2543 312 2602 simile
332 2543 451 2619 esse⁸).
494 2541 608 2602 Contra
628 2541 762 2601 Drusum
783 2541 909 2602 summis
930 2539 1095 2599 honoribus
1118 2538 1228 2598 elatum
1250 2555 1320 2598 esse
1340 2557 1377 2596 eo
1398 2547 1541 2616 tempore,

214 2663 274 2720 qno
299 2643 379 2703 tilius
400 2643 465 2703 eius
486 2651 559 2703 natu
579 2644 677 2702 minor
696 2643 762 2719 ipse
782 2641 940 2719 imperium
961 2639 1128 2712 obtinebat,
1150 2639 1224 2698 satis
1246 2647 1394 2697 constare.
1438 2636 1541 2711 Quare

215 2751 314 2803 utrum
336 2745 375 2803 ad
389 2744 520 2822 Augusti
541 2735 587 2803 au¹
601 2745 640 2803 ad
654 2741 777 2804 Claudii
798 2749 927 2802 aetatem
947 2740 1123 2801 referendus
1144 2738 1186 2798 sit
1205 2738 1322 2811 titulus,
1343 2737 1465 2798 dubium
1482 2746 1540 2810 est3

109 2889 113 2896 .
216 2846 255 2904 ad
276 2845 427 2910 Neronem
447 2862 519 2904 vero
539 2843 646 2904 referri
666 2860 727 2900 uon
747 2851 856 2921 potest.

294 3037 317 3100 ¹)
345 3039 387 3092 Ns
409 3039 436 3088 id
460 3037 565 3104 quidem
583 3036 770 3103 neglegendum
788 3043 840 3098 est,
864 3037 887 3086 ri
906 3036 1012 3086 omniuo
1032 3034 1138 3084 lionoris
1157 3045 1234 3089 cansa
1251 3031 1279 3082 id
1298 3029 1449 3082 vocabulum
1467 3028 1541 3082 addi-

217 3135 271 3180 tum
289 3137 365 3191 euset,
384 3121 424 3186 tir
441 3116 533 3178 ὖπιῖτοιι
551 3128 688 3179 dicendum
706 3127 795 3189 inlusa,
814 3142 873 3177 cum
891 3126 1000 3176 duorum
1020 3125 1199 3176 consulatuum
1216 3121 1301 3172 bonor
1318 3120 1401 3170 maior
1419 3119 1453 3170 rit
1465 3133 1542 3185 quam

217 3221 300 3272 unius.
336 3221 378 3270 Ita
395 3221 423 3270 iu
441 3219 542 3270 duobus
560 3219 641 3269 titulis
659 3217 805 3268 honorariis
823 3217 919 3268 Atticis
936 3215 975 3266 Μ.
993 3215 1112 3280 Agrippa
1129 3209 1183 3280 τρὶς
1201 3198 1293 3267 ὕπατος
1312 3209 1414 3260 dieitur.

293 3309 319 3372 ¹)
346 3311 467 3376 Inprimis
490 3310 533 3360 bic
557 3308 813 3360 animadvertendum
836 3313 889 3368 est,
913 3306 985 3356 euius
1008 3305 1046 3355 rel
1070 3318 1111 3356 ma
1130 3302 1181 3354 Tb.
1199 3301 1377 3351 Mommssnus
1395 3312 1541 3348 commona-

216 3403 285 3464 lacit,
304 3403 359 3452 eius
377 3401 546 3452 additamenti
558 3401 610 3450 rim
629 3414 686 3450 eam
698 3399 790 3460 rideri,
810 3404 838 3447 ut
850 3397 951 3448 Drusus
969 3395 1052 3445 maior
1069 3407 1086 3445 a
1103 3393 1204 3442 minore
1222 3390 1391 3440 diseematnr.
1423 3387 1462 3437 At
1480 3401 1541 3438 con-

217 3493 298 3544 sulem
320 3499 455 3558 utrumque
477 3491 571 3552 luisse,
594 3491 768 3556 imperatorem
788 3501 849 3537 vero
867 3487 950 3536 solnm
969 3485 1083 3536 Drusum
1103 3482 1242 3541 mulorom3
1266 3491 1346 3544 quare
1364 3464 1543 3542 αὖτικριῖτορος

217 3585 297 3634 ιιιιιΙιο
321 3580 405 3648 aptius
426 3582 505 3632 inisse
524 3596 599 3647 quam
617 3569 719 3629 induro.
758 3577 835 3639 Quod
854 3575 983 3643 quomodo
1002 3572 1152 3638 expediam,
1175 3570 1278 3630 nescio,
1301 3568 1351 3618 uisi
1368 3566 1454 3616 dicere
1472 3565 1541 3628 licat,

218 3661 394 3742 mirbapdrepor
418 3687 512 3724 nomeu
533 3671 657 3723 sicunde
675 3671 724 3720 soli
742 3667 842 3720 nomini
859 3667 1008 3717 adiunctum
1026 3663 1103 3716 iuoile
1122 3676 1154 3714 ea
1171 3659 1300 3711 cenanda
1316 3656 1399 3724 accipi
1417 3655 1541 3719 potuisse,

218 3781 270 3832 qua
287 3765 430 3830 principem
447 3765 531 3828 iprum
550 3762 684 3828 slguilleet,
704 3773 786 3826 eaque
804 3759 837 3808 de
856 3771 932 3809 causa
945 3757 1051 3806 vitatum
1069 3766 1134 3804 esse.
1165 3751 1254 3814 Longe
1272 3748 1347 3798 aliter
1364 3759 1406 3796 ran
1424 3759 1452 3795 aa
1465 3743 1542 3794 babet

217 3858 245 3907 in
268 3857 349 3908 titulis
372 3854 517 3906 honorariis
541 3853 620 3914 (velut
642 3853 670 3904 ln
693 3851 740 3902 illo
759 3850 859 3911 craesi,
886 3862 972 3914 aquo
990 3846 1057 3896 haue
1075 3850 1156 3894 totam
1174 3839 1416 3892 commentationem
1434 3849 1542 3886 exorsus

217 3949 284 4011 aum)
308 3948 353 3998 ubi
378 3951 404 3997 et
426 3945 533 3996 nomina
554 3949 581 3993 et
604 3943 732 3993 honorum
756 3941 916 4006 singulorum
941 3935 1066 3988 vocabula
1086 3934 1164 3999 plens
1187 3937 1265 3995 atque
1288 3927 1408 3979 distincta
1432 3925 1540 3989 perstri-

218 4041 321 4191 bunmg
348 4127 468 4179 'liberius
490 4126 570 4176 lrutar
589 4124 643 4174 eius
660 4122 713 4173 iam
732 4128 868 4188 antequam
886 4119 920 4169 ab
939 4117 1057 4182 Augusto
1076 4114 1243 4184 adoptaretur
1261 4107 1433 4161 sacerdotium
1451 4103 1542 4154 babuit

218 4221 305 4285 Nysae
323 4220 351 4270 iu
370 4217 449 4270 Caria
465 4215 543 4280 (c.1.
557 4214 603 4268 Gr.
618 4213 710 4296 2943).

1168 4319 1216 4379 W.
1239 4317 1497 4377 Dirruuuuueun.
