<?xml version="1.0" encoding="UTF-8"?>
<!DOCTYPE html PUBLIC "-//W3C//DTD XHTML 1.0 Transitional//EN"
    "http://www.w3.org/TR/xhtml1/DTD/xhtml1-transitional.dtd">
<html xmlns="http://www.w3.org/1999/xhtml" xml:lang="en" lang="en">
 <head>
  <title>
</title>
<meta http-equiv="Content-Type" content="text/html;charset=utf-8" />
  <meta name='ocr-system' content='tesseract 3.04.00' />
  <meta name='ocr-capabilities' content='ocr_page ocr_carea ocr_par ocr_line ocrx_word'/>
</head>
<body>
  <div class='ocr_page' id='page_1' title='image "./ephemerisepigra04instgoog_0165.png"; bbox 0 0 3742 5826; ppageno 0'>
   <div class='ocr_carea' id='block_1_1' title="bbox 786 1417 1243 1535">
    <p class='ocr_par' dir='ltr' id='par_1_1' title="bbox 786 1417 1243 1535">
     <span class='ocr_line' id='line_1_1' title="bbox 786 1417 1243 1535; baseline -0.013 1"><span class='ocrx_word' id='word_1_1' title='bbox 786 1417 1243 1535; x_wconf 79' lang='lat' dir='ltr'><strong>ADDITAMENTA</strong></span> 
     </span>
    </p>
   </div>
   <div class='ocr_carea' id='block_1_2' title="bbox 642 1625 1386 1839">
    <p class='ocr_par' dir='ltr' id='par_1_2' title="bbox 642 1625 1386 1839">
     <span class='ocr_line' id='line_1_2' title="bbox 642 1625 1386 1717; baseline -0.012 -1"><span class='ocrx_word' id='word_1_2' title='bbox 642 1633 716 1716; x_wconf 83' lang='lat' dir='ltr'>AD</span> <span class='ocrx_word' id='word_1_3' title='bbox 746 1628 1005 1717; x_wconf 83' lang='lat' dir='ltr'><strong>CORPORIS</strong></span> <span class='ocrx_word' id='word_1_4' title='bbox 1034 1626 1291 1714; x_wconf 83' lang='lat' dir='ltr'>VOLVMEN</span> <span class='ocrx_word' id='word_1_5' title='bbox 1320 1625 1386 1709; x_wconf 90' lang='lat' dir='ltr'>IV.</span> 
     </span>
     <span class='ocr_line' id='line_1_3' title="bbox 866 1761 1163 1839; baseline -0.013 -16"><span class='ocrx_word' id='word_1_6' title='bbox 866 1764 908 1839; x_wconf 74' lang='lat' dir='ltr'>(n.</span> <span class='ocrx_word' id='word_1_7' title='bbox 926 1761 1163 1837; x_wconf 77' lang='lat' dir='ltr'>anor-esso.)</span> 
     </span>
    </p>
   </div>
   <div class='ocr_carea' id='block_1_3' title="bbox 912 1981 1117 1994">
    <p class='ocr_par' dir='ltr' id='par_1_3' title="bbox 912 1981 1117 1994">
     <span class='ocr_line' id='line_1_4' title="bbox 912 1981 1117 1994; baseline -0.01 -1"><span class='ocrx_word' id='word_1_8' title='bbox 912 1981 1117 1994; x_wconf 53' lang='grc' dir='ltr'><strong>ψ</strong></span> 
     </span>
    </p>
   </div>
   <div class='ocr_carea' id='block_1_4' title="bbox 363 2165 1591 2392">
    <p class='ocr_par' dir='ltr' id='par_1_4' title="bbox 363 2165 1591 2392">
     <span class='ocr_line' id='line_1_5' title="bbox 363 2165 1591 2271; baseline -0.006 -1"><span class='ocrx_word' id='word_1_9' title='bbox 363 2165 366 2170; x_wconf 28' lang='lat'>⁵</span> <span class='ocrx_word' id='word_1_10' title='bbox 435 2193 602 2271; x_wconf 84' lang='lat' dir='ltr'>TITVLI</span> <span class='ocrx_word' id='word_1_11' title='bbox 628 2191 767 2269; x_wconf 88' lang='lat' dir='ltr'>VASIS</span> <span class='ocrx_word' id='word_1_12' title='bbox 793 2189 1064 2266; x_wconf 83' lang='lat' dir='ltr'>FIOTILIBVS</span> <span class='ocrx_word' id='word_1_13' title='bbox 1090 2187 1335 2265; x_wconf 83' lang='lat' dir='ltr'><strong>INSORIPTI</strong></span> <span class='ocrx_word' id='word_1_14' title='bbox 1360 2186 1591 2264; x_wconf 79' lang='lat' dir='ltr'>POMPEIIS</span> 
     </span>
     <span class='ocr_line' id='line_1_6' title="bbox 906 2315 1127 2392; baseline -0.009 -1"><span class='ocrx_word' id='word_1_15' title='bbox 906 2315 1127 2392; x_wconf 84' lang='lat' dir='ltr'><strong>REPERTI.</strong></span> 
     </span>
    </p>
   </div>
   <div class='ocr_carea' id='block_1_5' title="bbox 350 2507 1682 3795">
    <p class='ocr_par' dir='ltr' id='par_1_5' title="bbox 350 2507 1682 3495">
     <span class='ocr_line' id='line_1_7' title="bbox 433 2507 1677 2588; baseline -0.005 -17"><span class='ocrx_word' id='word_1_16' title='bbox 433 2510 518 2571; x_wconf 83' lang='lat' dir='ltr'>Vasa</span> <span class='ocrx_word' id='word_1_17' title='bbox 538 2510 642 2570; x_wconf 84' lang='lat' dir='ltr'>fictilia</span> <span class='ocrx_word' id='word_1_18' title='bbox 661 2508 906 2588; x_wconf 77' lang='lat' dir='ltr'>inscriptionibus</span> <span class='ocrx_word' id='word_1_19' title='bbox 925 2509 1056 2586; x_wconf 80' lang='lat' dir='ltr'>insignia</span> <span class='ocrx_word' id='word_1_20' title='bbox 1070 2526 1263 2586; x_wconf 89' lang='lat' dir='ltr'>quaecunque</span> <span class='ocrx_word' id='word_1_21' title='bbox 1278 2510 1365 2568; x_wconf 90' lang='lat' dir='ltr'>annis</span> <span class='ocrx_word' id='word_1_22' title='bbox 1382 2507 1470 2569; x_wconf 87' lang='grc'><strong>1868.</strong></span> <span class='ocrx_word' id='word_1_23' title='bbox 1489 2507 1579 2568; x_wconf 85' lang='grc'><strong>1869.</strong></span> <span class='ocrx_word' id='word_1_24' title='bbox 1598 2507 1677 2568; x_wconf 85' lang='grc'><strong>1870</strong></span> 
     </span>
     <span class='ocr_line' id='line_1_8' title="bbox 350 2608 1679 2689; baseline -0.005 -15"><span class='ocrx_word' id='word_1_25' title='bbox 350 2613 505 2689; x_wconf 81' lang='lat' dir='ltr'>Pompeiis</span> <span class='ocrx_word' id='word_1_26' title='bbox 525 2621 644 2689; x_wconf 86' lang='lat' dir='ltr'>reperta</span> <span class='ocrx_word' id='word_1_27' title='bbox 658 2620 736 2684; x_wconf 87' lang='lat' dir='ltr'>sunt,</span> <span class='ocrx_word' id='word_1_28' title='bbox 757 2611 892 2670; x_wconf 83' lang='lat' dir='ltr'>Fiorcllo</span> <span class='ocrx_word' id='word_1_29' title='bbox 913 2611 1059 2688; x_wconf 81' lang='lat' dir='ltr'>magistro</span> <span class='ocrx_word' id='word_1_30' title='bbox 1080 2610 1219 2670; x_wconf 79' lang='lat' dir='ltr'><strong>hortante</strong></span> <span class='ocrx_word' id='word_1_31' title='bbox 1241 2611 1333 2670; x_wconf 88' lang='lat' dir='ltr'>simul</span> <span class='ocrx_word' id='word_1_32' title='bbox 1354 2617 1444 2686; x_wconf 88' lang='lat' dir='ltr'>atque</span> <span class='ocrx_word' id='word_1_33' title='bbox 1465 2608 1579 2669; x_wconf 84' lang='lat' dir='ltr'>effossa</span> <span class='ocrx_word' id='word_1_34' title='bbox 1600 2615 1679 2680; x_wconf 74' lang='lat' dir='ltr'>sunt.</span> 
     </span>
     <span class='ocr_line' id='line_1_9' title="bbox 351 2709 1680 2793; baseline -0.003 -21"><span class='ocrx_word' id='word_1_35' title='bbox 351 2715 510 2793; x_wconf 83' lang='lat' dir='ltr'>diligenter</span> <span class='ocrx_word' id='word_1_36' title='bbox 529 2713 702 2772; x_wconf 74' lang='lat' dir='ltr'>examinavi</span> <span class='ocrx_word' id='word_1_37' title='bbox 722 2713 885 2789; x_wconf 88' lang='lat' dir='ltr'>titulosque</span> <span class='ocrx_word' id='word_1_38' title='bbox 907 2711 1063 2788; x_wconf 76' lang='lat' dir='ltr'>descripsi.</span> <span class='ocrx_word' id='word_1_39' title='bbox 1099 2710 1150 2769; x_wconf 82' lang='lat' dir='ltr'>Ex</span> <span class='ocrx_word' id='word_1_40' title='bbox 1170 2711 1280 2788; x_wconf 88' lang='lat' dir='ltr'>quibus</span> <span class='ocrx_word' id='word_1_41' title='bbox 1301 2712 1435 2788; x_wconf 90' lang='lat' dir='ltr'>potiores</span> <span class='ocrx_word' id='word_1_42' title='bbox 1457 2710 1585 2770; x_wconf 86' lang='lat' dir='ltr'>selectos</span> <span class='ocrx_word' id='word_1_43' title='bbox 1599 2709 1680 2768; x_wconf 81' lang='lat' dir='ltr'>infra</span> 
     </span>
     <span class='ocr_line' id='line_1_10' title="bbox 351 2811 1681 2892; baseline -0.005 -17"><span class='ocrx_word' id='word_1_44' title='bbox 351 2816 394 2875; x_wconf 92' lang='lat' dir='ltr'>ita</span> <span class='ocrx_word' id='word_1_45' title='bbox 420 2831 588 2892; x_wconf 83' lang='lat' dir='ltr'>proponam</span> <span class='ocrx_word' id='word_1_46' title='bbox 615 2821 647 2872; x_wconf 91' lang='lat' dir='ltr'>ut</span> <span class='ocrx_word' id='word_1_47' title='bbox 672 2814 805 2873; x_wconf 83' lang='lat' dir='ltr'>ordinem</span> <span class='ocrx_word' id='word_1_48' title='bbox 827 2811 889 2870; x_wconf 81' lang='lat' dir='ltr'>fere</span> <span class='ocrx_word' id='word_1_49' title='bbox 911 2829 1021 2889; x_wconf 87' lang='lat' dir='ltr'>sequar</span> <span class='ocrx_word' id='word_1_50' title='bbox 1041 2830 1110 2871; x_wconf 90' lang='lat' dir='ltr'>enm</span> <span class='ocrx_word' id='word_1_51' title='bbox 1130 2830 1190 2889; x_wconf 92' lang='lat' dir='ltr'>qno</span> <span class='ocrx_word' id='word_1_52' title='bbox 1212 2811 1345 2872; x_wconf 87' lang='lat' dir='ltr'>eiusdem</span> <span class='ocrx_word' id='word_1_53' title='bbox 1367 2813 1486 2889; x_wconf 77' lang='lat' dir='ltr'>generis</span> <span class='ocrx_word' id='word_1_54' title='bbox 1508 2811 1588 2870; x_wconf 89' lang='lat' dir='ltr'>tituli</span> <span class='ocrx_word' id='word_1_55' title='bbox 1609 2817 1681 2870; x_wconf 86' lang='lat' dir='ltr'>ante</span> 
     </span>
     <span class='ocr_line' id='line_1_11' title="bbox 352 2909 1679 2991; baseline -0.003 -17"><span class='ocrx_word' id='word_1_56' title='bbox 352 2935 378 2974; x_wconf 88' lang='lat' dir='ltr'>a</span> <span class='ocrx_word' id='word_1_57' title='bbox 398 2913 476 2973; x_wconf 88' lang='lat'>1868</span> <span class='ocrx_word' id='word_1_58' title='bbox 502 2914 612 2990; x_wconf 89' lang='lat' dir='ltr'>reperti</span> <span class='ocrx_word' id='word_1_59' title='bbox 632 2913 664 2972; x_wconf 93' lang='lat' dir='ltr'>in</span> <span class='ocrx_word' id='word_1_60' title='bbox 686 2923 794 2991; x_wconf 86' lang='lat' dir='ltr'>quarto</span> <span class='ocrx_word' id='word_1_61' title='bbox 816 2913 969 2972; x_wconf 86' lang='lat' dir='ltr'>volumine</span> <span class='ocrx_word' id='word_1_62' title='bbox 991 2909 1026 2972; x_wconf 85' lang='lat' dir='ltr'>G.</span> <span class='ocrx_word' id='word_1_63' title='bbox 1046 2911 1072 2971; x_wconf 89' lang='lat'>1.</span> <span class='ocrx_word' id='word_1_64' title='bbox 1092 2912 1128 2971; x_wconf 87' lang='lat' dir='ltr'>L.</span> <span class='ocrx_word' id='word_1_65' title='bbox 1152 2912 1292 2989; x_wconf 82' lang='lat' dir='ltr'>dispositi</span> <span class='ocrx_word' id='word_1_66' title='bbox 1313 2913 1462 2990; x_wconf 82' lang='lat' dir='ltr'>leguntur.</span> <span class='ocrx_word' id='word_1_67' title='bbox 1504 2909 1604 2971; x_wconf 83' lang='lat' dir='ltr'>Notae</span> <span class='ocrx_word' id='word_1_68' title='bbox 1625 2929 1679 2970; x_wconf 87' lang='lat' dir='ltr'>nn·</span> 
     </span>
     <span class='ocr_line' id='line_1_12' title="bbox 352 3011 1680 3090; baseline -0.003 -16"><span class='ocrx_word' id='word_1_69' title='bbox 352 3014 480 3074; x_wconf 90' lang='lat' dir='ltr'>merales</span> <span class='ocrx_word' id='word_1_70' title='bbox 508 3013 664 3072; x_wconf 86' lang='lat' dir='ltr'>Romanae</span> <span class='ocrx_word' id='word_1_71' title='bbox 695 3014 735 3072; x_wconf 90' lang='lat' dir='ltr'>ad</span> <span class='ocrx_word' id='word_1_72' title='bbox 763 3031 903 3073; x_wconf 83' lang='lat' dir='ltr'>vasorum</span> <span class='ocrx_word' id='word_1_73' title='bbox 930 3014 1053 3072; x_wconf 86' lang='lat' dir='ltr'>nomina</span> <span class='ocrx_word' id='word_1_74' title='bbox 1079 3013 1198 3072; x_wconf 87' lang='lat' dir='ltr'>additae</span> <span class='ocrx_word' id='word_1_75' title='bbox 1224 3013 1337 3073; x_wconf 78' lang='lat' dir='ltr'>formas</span> <span class='ocrx_word' id='word_1_76' title='bbox 1366 3032 1468 3073; x_wconf 88' lang='lat' dir='ltr'>eorum</span> <span class='ocrx_word' id='word_1_77' title='bbox 1501 3011 1680 3090; x_wconf 78' lang='lat' dir='ltr'>significant,</span> 
     </span>
     <span class='ocr_line' id='line_1_13' title="bbox 353 3111 1679 3192; baseline 0 -20"><span class='ocrx_word' id='word_1_78' title='bbox 353 3114 457 3192; x_wconf 81' lang='lat' dir='ltr'>quales</span> <span class='ocrx_word' id='word_1_79' title='bbox 483 3114 661 3174; x_wconf 84' lang='lat' dir='ltr'>exhibentur</span> <span class='ocrx_word' id='word_1_80' title='bbox 686 3114 852 3174; x_wconf 72' lang='lat' dir='ltr'>delineatae</span> <span class='ocrx_word' id='word_1_81' title='bbox 878 3115 910 3173; x_wconf 92' lang='lat' dir='ltr'>in</span> <span class='ocrx_word' id='word_1_82' title='bbox 935 3114 1038 3172; x_wconf 81' lang='lat' dir='ltr'>tabula</span> <span class='ocrx_word' id='word_1_83' title='bbox 1064 3115 1197 3174; x_wconf 88' lang='lat' dir='ltr'>eiusdem</span> <span class='ocrx_word' id='word_1_84' title='bbox 1222 3115 1322 3192; x_wconf 88' lang='lat' dir='ltr'>operis</span> <span class='ocrx_word' id='word_1_85' title='bbox 1342 3114 1471 3192; x_wconf 78' lang='lat' dir='ltr'>paginae</span> <span class='ocrx_word' id='word_1_86' title='bbox 1488 3113 1543 3171; x_wconf 83' lang='lat'>171</span> <span class='ocrx_word' id='word_1_87' title='bbox 1568 3111 1679 3172; x_wconf 80' lang='lat' dir='ltr'>addita</span> 
     </span>
     <span class='ocr_line' id='line_1_14' title="bbox 354 3214 1680 3300; baseline -0.002 -25"><span class='ocrx_word' id='word_1_88' title='bbox 354 3214 503 3275; x_wconf 83' lang='lat' dir='ltr'>Thermae</span> <span class='ocrx_word' id='word_1_89' title='bbox 524 3233 652 3292; x_wconf 88' lang='lat' dir='ltr'>quarum</span> <span class='ocrx_word' id='word_1_90' title='bbox 672 3214 857 3300; x_wconf 81' lang='lat' dir='ltr'>freqneptem</span> <span class='ocrx_word' id='word_1_91' title='bbox 878 3215 1059 3274; x_wconf 89' lang='lat' dir='ltr'>mentionem</span> <span class='ocrx_word' id='word_1_92' title='bbox 1080 3215 1248 3276; x_wconf 85' lang='lat' dir='ltr'>faciendam</span> <span class='ocrx_word' id='word_1_93' title='bbox 1269 3215 1340 3275; x_wconf 91' lang='lat' dir='ltr'>mihi</span> <span class='ocrx_word' id='word_1_94' title='bbox 1357 3231 1425 3274; x_wconf 87' lang='lat' dir='ltr'>esse</span> <span class='ocrx_word' id='word_1_95' title='bbox 1438 3215 1536 3285; x_wconf 85' lang='lat' dir='ltr'>rideo,</span> <span class='ocrx_word' id='word_1_96' title='bbox 1558 3215 1680 3274; x_wconf 79' lang='lat' dir='ltr'>eaedem</span> 
     </span>
     <span class='ocr_line' id='line_1_15' title="bbox 360 3314 1682 3393; baseline 0 -19"><span class='ocrx_word' id='word_1_97' title='bbox 360 3322 431 3374; x_wconf 87' lang='lat' dir='ltr'>sunt</span> <span class='ocrx_word' id='word_1_98' title='bbox 456 3315 493 3374; x_wconf 91' lang='lat' dir='ltr'>de</span> <span class='ocrx_word' id='word_1_99' title='bbox 520 3315 630 3393; x_wconf 89' lang='lat' dir='ltr'>quibus</span> <span class='ocrx_word' id='word_1_100' title='bbox 652 3314 820 3377; x_wconf 88' lang='lat' dir='ltr'>Schoenius</span> <span class='ocrx_word' id='word_1_101' title='bbox 840 3317 880 3376; x_wconf 88' lang='lat' dir='ltr'>ib.</span> <span class='ocrx_word' id='word_1_102' title='bbox 907 3335 936 3393; x_wconf 87' lang='lat' dir='ltr'>p.</span> <span class='ocrx_word' id='word_1_103' title='bbox 955 3315 1013 3376; x_wconf 76' lang='lat'>172</span> <span class='ocrx_word' id='word_1_104' title='bbox 1035 3316 1121 3377; x_wconf 88' lang='lat' dir='ltr'>dixit.</span> <span class='ocrx_word' id='word_1_105' title='bbox 1164 3316 1285 3376; x_wconf 82' lang='lat' dir='ltr'>Novum</span> <span class='ocrx_word' id='word_1_106' title='bbox 1306 3333 1443 3375; x_wconf 87' lang='lat' dir='ltr'>museum</span> <span class='ocrx_word' id='word_1_107' title='bbox 1463 3314 1682 3391; x_wconf 87' lang='lat' dir='ltr'>Pompeianum</span> 
     </span>
     <span class='ocr_line' id='line_1_16' title="bbox 354 3415 1448 3495; baseline 0 -21"><span class='ocrx_word' id='word_1_108' title='bbox 354 3415 385 3474; x_wconf 93' lang='lat' dir='ltr'>id</span> <span class='ocrx_word' id='word_1_109' title='bbox 406 3415 473 3475; x_wconf 88' lang='lat' dir='ltr'>dico</span> <span class='ocrx_word' id='word_1_110' title='bbox 495 3416 575 3494; x_wconf 91' lang='lat' dir='ltr'>quod</span> <span class='ocrx_word' id='word_1_111' title='bbox 595 3435 689 3494; x_wconf 87' lang='lat' dir='ltr'>prope</span> <span class='ocrx_word' id='word_1_112' title='bbox 709 3425 826 3495; x_wconf 88' lang='lat' dir='ltr'>portam</span> <span class='ocrx_word' id='word_1_113' title='bbox 848 3417 925 3476; x_wconf 81' lang='lat' dir='ltr'>della</span> <span class='ocrx_word' id='word_1_114' title='bbox 946 3417 1067 3476; x_wconf 76' lang='lat' dir='ltr'>Mar-im</span> <span class='ocrx_word' id='word_1_115' title='bbox 1085 3436 1181 3495; x_wconf 87' lang='lat' dir='ltr'>nuper</span> <span class='ocrx_word' id='word_1_116' title='bbox 1202 3426 1371 3477; x_wconf 85' lang='lat' dir='ltr'>extructum</span> <span class='ocrx_word' id='word_1_117' title='bbox 1392 3423 1448 3476; x_wconf 88' lang='lat' dir='ltr'>est.</span> 
     </span>
    </p>

    <p class='ocr_par' dir='ltr' id='par_1_6' title="bbox 356 3515 1682 3795">
     <span class='ocr_line' id='line_1_17' title="bbox 438 3515 1682 3600; baseline 0 -24"><span class='ocrx_word' id='word_1_118' title='bbox 438 3515 558 3576; x_wconf 84' lang='lat' dir='ltr'>Titulos</span> <span class='ocrx_word' id='word_1_119' title='bbox 581 3515 763 3580; x_wconf 90' lang='lat' dir='ltr'>aSchoenio</span> <span class='ocrx_word' id='word_1_120' title='bbox 785 3518 950 3596; x_wconf 89' lang='lat' dir='ltr'>descriptos</span> <span class='ocrx_word' id='word_1_121' title='bbox 972 3519 1130 3596; x_wconf 86' lang='lat' dir='ltr'>editosque</span> <span class='ocrx_word' id='word_1_122' title='bbox 1151 3537 1207 3597; x_wconf 84' lang='lat' dir='ltr'>ego</span> <span class='ocrx_word' id='word_1_123' title='bbox 1229 3536 1349 3597; x_wconf 86' lang='lat' dir='ltr'>quoque</span> <span class='ocrx_word' id='word_1_124' title='bbox 1370 3534 1409 3577; x_wconf 83' lang='lat' dir='ltr'>ex</span> <span class='ocrx_word' id='word_1_125' title='bbox 1429 3517 1506 3600; x_wconf 88' lang='lat' dir='ltr'>ipsis</span> <span class='ocrx_word' id='word_1_126' title='bbox 1526 3517 1608 3577; x_wconf 84' lang='lat' dir='ltr'>vasis</span> <span class='ocrx_word' id='word_1_127' title='bbox 1630 3516 1682 3576; x_wconf 90' lang='lat' dir='ltr'>de·</span> 
     </span>
     <span class='ocr_line' id='line_1_18' title="bbox 356 3617 1681 3696; baseline 0 -21"><span class='ocrx_word' id='word_1_128' title='bbox 356 3618 551 3692; x_wconf 70' lang='lat' dir='ltr'>scripseram</span> <span class='ocrx_word' id='word_1_129' title='bbox 579 3617 627 3677; x_wconf 87' lang='lat' dir='ltr'>his</span> <span class='ocrx_word' id='word_1_130' title='bbox 652 3619 727 3678; x_wconf 89' lang='lat' dir='ltr'>meis</span> <span class='ocrx_word' id='word_1_131' title='bbox 754 3637 821 3678; x_wconf 91' lang='lat' dir='ltr'>cum</span> <span class='ocrx_word' id='word_1_132' title='bbox 842 3618 922 3678; x_wconf 86' lang='lat' dir='ltr'>iilius</span> <span class='ocrx_word' id='word_1_133' title='bbox 944 3619 1091 3696; x_wconf 89' lang='lat' dir='ltr'>exemplis</span> <span class='ocrx_word' id='word_1_134' title='bbox 1112 3618 1237 3679; x_wconf 86' lang='lat' dir='ltr'>conlatis</span> <span class='ocrx_word' id='word_1_135' title='bbox 1258 3619 1403 3696; x_wconf 89' lang='lat' dir='ltr'>potiorem</span> <span class='ocrx_word' id='word_1_136' title='bbox 1425 3617 1563 3678; x_wconf 86' lang='lat' dir='ltr'>lectionis</span> <span class='ocrx_word' id='word_1_137' title='bbox 1585 3617 1681 3676; x_wconf 83' lang='lat' dir='ltr'>diver-</span> 
     </span>
     <span class='ocr_line' id='line_1_19' title="bbox 357 3716 1346 3795; baseline 0.006 -21"><span class='ocrx_word' id='word_1_138' title='bbox 357 3716 477 3776; x_wconf 80' lang='lat' dir='ltr'>citatem</span> <span class='ocrx_word' id='word_1_139' title='bbox 497 3718 554 3778; x_wconf 90' lang='lat' dir='ltr'>hac</span> <span class='ocrx_word' id='word_1_140' title='bbox 575 3720 797 3795; x_wconf 84' lang='lat' dir='ltr'>opportunitate</span> <span class='ocrx_word' id='word_1_141' title='bbox 819 3719 921 3780; x_wconf 83' lang='lat' dir='ltr'>oblata</span> <span class='ocrx_word' id='word_1_142' title='bbox 939 3719 1151 3795; x_wconf 81' lang='lat' dir='ltr'>publicandam</span> <span class='ocrx_word' id='word_1_143' title='bbox 1174 3719 1243 3780; x_wconf 86' lang='lat' dir='ltr'>esse</span> <span class='ocrx_word' id='word_1_144' title='bbox 1262 3719 1346 3780; x_wconf 88' lang='lat' dir='ltr'>duxi.</span> 
     </span>
    </p>
   </div>
   <div class='ocr_carea' id='block_1_6' title="bbox 755 3909 1284 3978">
    <p class='ocr_par' dir='ltr' id='par_1_7' title="bbox 755 3909 1284 3978">
     <span class='ocr_line' id='line_1_20' title="bbox 755 3909 1284 3978; baseline 0.006 -6"><span class='ocrx_word' id='word_1_145' title='bbox 755 3909 1038 3972; x_wconf 79' lang='lat' dir='ltr'>OORRIGENDA</span> <span class='ocrx_word' id='word_1_146' title='bbox 1059 3912 1108 3973; x_wconf 89' lang='lat' dir='ltr'>IN</span> <span class='ocrx_word' id='word_1_147' title='bbox 1129 3914 1284 3978; x_wconf 81' lang='lat' dir='ltr'><strong>EDITIS.</strong></span> 
     </span>
    </p>
   </div>
   <div class='ocr_carea' id='block_1_7' title="bbox 357 4041 1327 4356">
    <p class='ocr_par' dir='ltr' id='par_1_8' title="bbox 357 4041 1327 4356">
     <span class='ocr_line' id='line_1_21' title="bbox 357 4041 1327 4128; baseline 0.005 -26"><span class='ocrx_word' id='word_1_148' title='bbox 357 4041 423 4102; x_wconf 79' lang='grc'>169</span> <span class='ocrx_word' id='word_1_149' title='bbox 443 4042 496 4118; x_wconf 85' lang='lat' dir='ltr'>(ad</span> <span class='ocrx_word' id='word_1_150' title='bbox 517 4044 570 4118; x_wconf 88' lang='lat' dir='ltr'>IV,</span> <span class='ocrx_word' id='word_1_151' title='bbox 585 4043 677 4106; x_wconf 74' lang='lat'><strong>2645.</strong></span> <span class='ocrx_word' id='word_1_152' title='bbox 693 4045 799 4123; x_wconf 77' lang='grc'><strong>2646).</strong></span> <span class='ocrx_word' id='word_1_153' title='bbox 841 4048 941 4108; x_wconf 82' lang='lat' dir='ltr'>Meum</span> <span class='ocrx_word' id='word_1_154' title='bbox 963 4052 1168 4128; x_wconf 79' lang='lat' dir='ltr'>apographum</span> <span class='ocrx_word' id='word_1_155' title='bbox 1189 4051 1246 4110; x_wconf 91' lang='lat' dir='ltr'>hoc</span> <span class='ocrx_word' id='word_1_156' title='bbox 1267 4062 1327 4110; x_wconf 84' lang='lat' dir='ltr'>est:</span> 
     </span>
     <span class='ocr_line' id='line_1_22' title="bbox 882 4166 985 4226; baseline 0.01 -1"><span class='ocrx_word' id='word_1_157' title='bbox 882 4185 903 4225; x_wconf 82' lang='lat' dir='ltr'>a</span> <span class='ocrx_word' id='word_1_158' title='bbox 944 4166 985 4226; x_wconf 78' lang='lat' dir='ltr'>tn</span> 
     </span>
     <span class='ocr_line' id='line_1_23' title="bbox 884 4282 1151 4356; baseline 0.007 -12"><span class='ocrx_word' id='word_1_159' title='bbox 884 4286 901 4344; x_wconf 83' lang='lat' dir='ltr'>t</span> <span class='ocrx_word' id='word_1_160' title='bbox 944 4283 1012 4346; x_wconf 73' lang='lat' dir='ltr'>Ch.</span> <span class='ocrx_word' id='word_1_161' title='bbox 1024 4282 1151 4356; x_wconf 66' lang='lat' dir='ltr'>1121an</span> 
     </span>
    </p>
   </div>
   <div class='ocr_carea' id='block_1_8' title="bbox 359 4439 1102 4580">
    <p class='ocr_par' dir='ltr' id='par_1_9' title="bbox 359 4439 1102 4580">
     <span class='ocr_line' id='line_1_24' title="bbox 359 4439 1102 4580; baseline 0.008 -36"><span class='ocrx_word' id='word_1_162' title='bbox 359 4482 426 4545; x_wconf 74' lang='lat'>170</span> <span class='ocrx_word' id='word_1_163' title='bbox 449 4485 503 4561; x_wconf 86' lang='lat' dir='ltr'>(ad</span> <span class='ocrx_word' id='word_1_164' title='bbox 523 4486 578 4560; x_wconf 82' lang='lat' dir='ltr'>lv,</span> <span class='ocrx_word' id='word_1_165' title='bbox 594 4485 700 4566; x_wconf 75' lang='lat'>2650).</span> <span class='ocrx_word' id='word_1_166' title='bbox 742 4439 829 4552; x_wconf 64' lang='lat' dir='ltr'>ilaec</span> <span class='ocrx_word' id='word_1_167' title='bbox 849 4490 894 4552; x_wconf 86' lang='lat' dir='ltr'>sic</span> <span class='ocrx_word' id='word_1_168' title='bbox 917 4491 1076 4568; x_wconf 73' lang='lat' dir='ltr'>descripsi:</span> <span class='ocrx_word' id='word_1_169' title='bbox 1100 4575 1102 4580; x_wconf 23' lang='grc' dir='ltr'>Ι</span> 
     </span>
    </p>
   </div>
   <div class='ocr_carea' id='block_1_9' title="bbox 848 4613 1073 4892">
    <p class='ocr_par' dir='ltr' id='par_1_10' title="bbox 848 4613 1073 4892">
     <span class='ocr_line' id='line_1_25' title="bbox 848 4613 1073 4698; baseline -0.027 0"><span class='ocrx_word' id='word_1_170' title='bbox 848 4613 858 4628; x_wconf 80' lang='grc'><strong>“</strong></span> <span class='ocrx_word' id='word_1_171' title='bbox 977 4631 1073 4698; x_wconf 73' lang='lat' dir='ltr'>tunm</span> 
     </span>
     <span class='ocr_line' id='line_1_26' title="bbox 979 4732 1072 4794; baseline -0.011 0"><span class='ocrx_word' id='word_1_172' title='bbox 979 4732 1072 4794; x_wconf 65' lang='lat' dir='ltr'>terrm</span> 
     </span>
     <span class='ocr_line' id='line_1_27' title="bbox 981 4833 1073 4892; baseline 0.022 -2"><span class='ocrx_word' id='word_1_173' title='bbox 981 4833 1073 4892; x_wconf 71' lang='lat' dir='ltr'>rrurm</span> 
     </span>
    </p>
   </div>
   <div class='ocr_carea' id='block_1_10' title="bbox 932 4932 1114 5090">
    <p class='ocr_par' dir='ltr' id='par_1_11' title="bbox 932 4932 1114 5090">
     <span class='ocr_line' id='line_1_28' title="bbox 981 4932 1074 4991; baseline 0.011 -2"><span class='ocrx_word' id='word_1_174' title='bbox 981 4932 1074 4991; x_wconf 66' lang='lat' dir='ltr'>tertam</span> 
     </span>
     <span class='ocr_line' id='line_1_29' title="bbox 932 5011 1114 5090; baseline 0.016 -3"><span class='ocrx_word' id='word_1_175' title='bbox 932 5011 1114 5090; x_wconf 86' lang='lat' dir='ltr'>T·cxcv</span> 
     </span>
    </p>
   </div>
   <div class='ocr_carea' id='block_1_11' title="bbox 807 5113 1231 5194">
    <p class='ocr_par' dir='ltr' id='par_1_12' title="bbox 807 5113 1231 5194">
     <span class='ocr_line' id='line_1_30' title="bbox 807 5113 1231 5194; baseline 0.014 -7"><span class='ocrx_word' id='word_1_176' title='bbox 807 5113 845 5188; x_wconf 80' lang='lat' dir='ltr'>L·</span> <span class='ocrx_word' id='word_1_177' title='bbox 860 5127 949 5189; x_wconf 88' lang='lat' dir='ltr'>IVNI</span> <span class='ocrx_word' id='word_1_178' title='bbox 965 5128 1231 5194; x_wconf 81' lang='lat' dir='ltr'>HERMEROTIS</span> 
     </span>
    </p>
   </div>
   <div class='ocr_carea' id='block_1_12' title="bbox 0 0 1911 5826">
    <p class='ocr_par' dir='ltr' id='par_1_13' title="bbox 0 0 1911 5826">
     <span class='ocr_line' id='line_1_31' title="bbox 0 0 1911 5826; baseline 0 0"><span class='ocrx_word' id='word_1_179' title='bbox 0 0 1911 5826; x_wconf 95' lang='lat' dir='ltr'> </span> 
     </span>
    </p>
   </div>
  </div>
 </body>
</html>
