3736 5822
614 567 913 624 oesnuvsuroues
932 571 1049 622 erran.
1069 572 1119 624 111.
1483 552 1502 620 7
1508 550 1529 622 3

197 743 366 800 tenetenius
388 742 418 800 in
441 742 496 799 bac
518 760 611 817 opera
631 760 650 799 a
672 741 752 799 male
773 740 879 800 iraude
892 741 1093 812 abstinuisse,
1115 743 1244 800 sortasse
1267 742 1304 800 ab
1325 761 1362 802 es
1382 743 1532 818 incipiens

199 849 231 900 et
257 860 420 919 progressu
448 843 614 902 studiorum
641 842 760 900 demum
788 842 826 900 ad
854 841 989 901 fallacias
1016 842 1149 913 deletus,
1178 853 1209 900 ut
1234 843 1380 902 Octavius
1405 843 1533 904 Rossius

199 941 363 1002 Brixianus
385 943 437 1002 ille
459 943 575 1022 Ligorii
596 943 731 1002 aemulus
753 943 784 1002 in
805 943 844 1001 iis
865 961 944 1018 qnae
966 941 1095 1002 Grutero
1118 944 1258 1002 submisit
1278 946 1353 1004 satia
1374 945 1532 1004 honestum

200 1061 234 1102 se
255 1044 402 1114 exhibuit,
424 1045 566 1102 decennio
587 1054 658 1122 post
678 1045 744 1120 ipse
765 1044 875 1103 librum
895 1043 987 1103 edens
1008 1055 1185 1122 nugatorum
1199 1046 1332 1103 omnium
1346 1045 1532 1105 levissimum

201 1151 232 1202 st
253 1145 474 1204 stultissimum.

285 1247 314 1304 5.
350 1243 456 1304 Ursini
476 1248 660 1305 collectanea
680 1265 747 1304 cum
769 1265 829 1304 non
851 1242 1004 1321 extent¹)‚
1027 1263 1103 1322 quae
1125 1247 1153 1304 ei
1174 1255 1298 1323 accepta
1312 1245 1404 1306 refert
1419 1245 1533 1306 Gnten-

202 1345 318 1404 stenius
340 1347 483 1423 pleraque
505 1347 543 1405 ed
565 1347 691 1407 schedas
708 1345 909 1408 Gutenstenio
931 1346 1081 1406 exhibitas
1102 1347 1161 1404 iem
1183 1347 1264 1423 exigi
1281 1354 1438 1424 nequeunt.
1473 1345 1532 1408 Sed

201 1455 250 1505 est
270 1447 347 1505 inter
368 1467 405 1505 ea
424 1448 542 1524 sylloge
564 1448 711 1525 quaedam
734 1455 851 1525 praeter
866 1445 1097 1508 Gutenstenium
1117 1447 1203 1506 nobis
1219 1457 1291 1506 nota
1312 1467 1366 1525 per
1380 1455 1533 1508 auctorem

201 1547 328 1606 alterum
355 1548 505 1607 hominem
531 1550 657 1624 probum
680 1547 839 1608 Nicolaum
861 1547 1063 1618 Florentium,
1092 1549 1144 1625 qui
1168 1555 1199 1606 ut
1221 1569 1286 1607 eam
1308 1550 1445 1626 syllogen
1467 1550 1532 1608 sive

202 1667 241 1706 ex
261 1647 330 1725 ipso
344 1645 449 1706 Ursini
471 1651 610 1725 exemplo
632 1650 696 1709 sive
716 1667 755 1709 ex
776 1649 902 1726 gemello
921 1649 1089 1726 descripsit,
1112 1650 1155 1707 ite
1169 1650 1308 1726 leguntur
1321 1650 1533 1725 inscriptiones

202 1767 264 1808 non
285 1750 316 1807 in
338 1749 456 1808 schedis
477 1750 596 1826 quidem
619 1751 866 1810 Bruxellensibus
889 1750 1052 1820 Torrentii,
1073 1768 1151 1825 qnae
1172 1750 1316 1827 pleraque
1339 1749 1535 1810 Florentiens

203 1859 370 1922 servarunt,
392 1849 447 1908 sed
467 1851 497 1907 in
511 1850 667 1927 Lipsianis
689 1851 787 1911 editis.
825 1849 950 1928 Sylloge
972 1869 1008 1909 ea
1028 1869 1095 1908 cum
1112 1849 1298 1926 Spoletinum
1318 1867 1351 1910 se
1370 1869 1437 1910 csse
1452 1851 1534 1924 velit,

204 1947 374 2028 Spoletina,
401 1950 432 2008 id
461 1961 507 2010 est
528 1949 704 2012 Salonitane
730 1953 818 2028 plura
844 1952 957 2026 recepit
982 1969 1070 2026 quam
1098 1969 1165 2008 vere
1189 1947 1316 2026 Spoletii
1342 1957 1476 2027 reperta,
1504 1959 1535 2012 et

204 2051 279 2109 alias
305 2069 425 2128 quoqne
450 2055 624 2128 perturbata
650 2063 697 2114 est
721 2063 752 2112 et
776 2061 931 2128 corrupta,
958 2069 977 2109 e
1001 2050 1108 2110 frande
1135 2057 1235 2108 tamen
1256 2049 1365 2107 aliena.
1408 2050 1472 2108 lam
1494 2069 1534 2110 ex

203 2151 406 2212 Florentienis
427 2154 486 2212 illis
507 2155 579 2230 quid
599 2155 731 2215 effecerit
751 2152 882 2213 Ursinus
904 2161 1092 2228 personatus,
1114 2149 1305 2226 intellegetur
1326 2168 1365 2209 ex
1386 2151 1534 2227 exemplis

205 2269 282 2330 qnae
302 2254 440 2332 apposui.

306 2437 413 2508 Liparae
425 2457 455 2509 p.
468 2438 514 2492 36.
960 2436 1067 2490 Ursinus
1087 2437 1124 2498 (ia
1143 2437 1238 2502 corrip.
1257 2431 1329 2486 εΗ
1350 2435 1444 2498 Gran).

464 2551 604 2602 Consentio
623 2551 730 2602 deorum
1112 2546 1252 2596 Consentio
1272 2545 1379 2596 deorum

448 2641 560 2693 Marion.
580 2643 744 2692 Aaozomeue
1048 2638 1181 2688 Marianus
1200 2637 1360 2689 sozomenus

501 2733 609 2799 imperio
628 2733 690 2783 iecit
1004 2730 1112 2794 imperio
1212 2742 1235 2778 e.
1255 2744 1290 2778 m.
1309 2742 1342 2778 ex
1361 2734 1422 2778 voto
1441 2727 1490 2780 lec.

316 2841 418 2892 Titulus
439 2842 523 2892 adbuc
547 2849 638 2894 extans
657 2841 757 2906 Spalati
780 2841 867 2906 ibique
888 2854 905 2890 a
928 2854 969 2889 me
988 2839 1130 2902 descriptus
1150 2836 1307 2898 (111‚1935)
1326 2837 1450 2902 aLipain
1469 2845 1537 2887 reete

315 2933 432 2995 refertur,
451 2935 502 2984 nisi
520 2934 590 2999 qnod
610 2935 637 2984 ln
655 2933 741 2998 lepide
760 2939 798 2983 est
815 2929 944 2982 Marcone
964 2928 1104 2981 Saramene.

309 3126 416 3197 Lipsiae
430 3146 457 3198 p.
470 3126 515 3182 32.
554 3131 672 3196 Spoletii.
961 3126 1032 3178 Grut.
1048 3122 1127 3186 1008,
1141 3127 1156 3174 7
1171 3145 1204 3166 =
1220 3121 1299 3184 1009,
1313 3117 1340 3176 2.
1372 3120 1479 3176 Ureiaae
1487 3139 1537 3191 per

1015 3215 1205 3268 Gutensteaium.
1243 3216 1354 3279 Spoleti.

554 3331 676 3380 Lam
1168 3325 1290 3374 Lam

532 3419 564 3482 Q.
583 3421 699 3471 Raouios
1141 3413 1173 3476 Q.
1191 3414 1322 3463 Varonins

527 3511 651 3562 Dodorus
670 3527 703 3561 ex
1158 3503 1308 3553 Philocalus

536 3609 596 3652 voto
614 3603 700 3667 posuit
1152 3609 1176 3642 v.
1196 3609 1217 3642 s.
1236 3593 1254 3642 l.
1274 3609 1309 3642 m.

529 3693 593 3742 libes
612 3694 703 3743 merito
1190 3684 1277 3748 posuit

514 3785 543 3834 iii
561 3783 618 3834 idus
637 3783 722 3834 Maias
1138 3777 1177 3828 Vl
1196 3775 1233 3824 id.
1251 3773 1328 3825 Febr.

516 3875 678 3939 ..proniano
698 3881 723 3923 et
1134 3867 1288 3931 Aproniano
1306 3870 1333 3914 et

530 3982 574 4031 pp.
592 3967 636 4015 dn.
655 3981 708 4015 cos.
1156 3959 1238 4023 Nigro
1257 3972 1311 4007 cos.

319 4077 448 4141 Exempla
471 4076 579 4126 meliors
602 4074 637 4136 (ι.
656 4075 699 4126 111
706 4110 714 4136 ,
735 4072 815 4135 1945)
838 4085 915 4122 versu
938 4071 1029 4120 uitium
1053 4070 1129 4129 dant,
1153 4067 1223 4134 quod
1246 4066 1324 4116 etiam
1346 4065 1374 4114 in
1396 4065 1541 4130 corruptela
1635 4079 1638 4092 ·

319 4169 487 4221 Florentiana
504 4168 587 4218 inesse
605 4166 688 4232 quivis
706 4165 785 4225 videt,
804 4160 913 4214 Bradua
931 4177 982 4212 coe.

214 4461 269 4496 eam
292 4453 379 4496 autem
400 4445 452 4510 legi
476 4444 503 4493 in
527 4443 615 4494 codice
637 4441 683 4491 illo
706 4439 834 4491 adiectam
857 4451 935 4487 manu
954 4436 1043 4500 ignote
1061 4439 1203 4484 atramento
1223 4433 1324 4483 diverso
1343 4431 1455 4495 itemque
1473 4429 1543 4494 apud

214 4537 352 4588 Gruterum
375 4543 491 4586 auctores
516 4535 664 4584 laudantem
692 4531 818 4585 Smctium
843 4535 869 4579 et
893 4527 1099 4580 Gutenstenium.
1145 4524 1251 4574 Collatia
1277 4522 1383 4586 reliquie
1408 4519 1543 4570 fraudibus

215 4627 422 4682 Gutenetenianie
441 4641 493 4680 nou
512 4626 568 4676 siue
586 4638 664 4676 canes
681 4623 709 4673 id
727 4621 810 4673 codici
830 4618 986 4683 adscriptum
1004 4614 1191 4681 suspicabimur
1209 4616 1241 4664 ab
1261 4615 1317 4677 ipso
1337 4610 1515 4663 Gnteustenio.

291 4737 315 4799 ¹)
342 4737 441 4790 Romae
455 4735 556 4785 codices
568 4733 742 4784 bibliothecae
750 4731 892 4783 vaticanae
905 4727 1080 4793 pervestigans
1093 4724 1215 4774 adnotavi
1228 4724 1255 4772 in
1268 4721 1422 4772 Manutiano
1434 4734 1460 4770 n.
1470 4719 1540 4768 5241

217 4836 335 4894 excerpta
357 4827 407 4893 legi
424 4817 467 4878 ‘ex
490 4827 557 4876 libro
581 4825 612 4875 F.
628 4815 730 4876 Ursini’
753 4821 814 4872 imle
837 4835 854 4870 a
877 4835 902 4884 p.
917 4815 959 4868 tr
982 4817 1016 4867 ad
1040 4833 1065 4881 p.
1084 4817 1192 4866 sommae
1213 4813 1260 4874 743
1285 4826 1345 4862 nam
1372 4817 1496 4878 quatenus
1521 4810 1544 4859 ie

217 4920 302 4970 titulus
321 4917 475 4984 perveniret,
495 4931 548 4967 nou
567 4917 629 4966 satis
647 4915 712 4964 mibi
731 4911 870 4964 constabat.
903 4911 974 4959 Haec
993 4924 1051 4959 cum
1071 4907 1103 4956 ad
1123 4920 1193 4955 mess
1212 4909 1298 4969 partes
1316 4917 1369 4952 non
1389 4906 1542 4967 spectarent,

217 5026 268 5060 non
288 5010 405 5071 excussi3
430 5007 477 5060 sed
498 5011 603 5072 rogatos
621 5006 698 5055 velim
723 5003 834 5068 collegas
853 5001 951 5053 Romae
977 5000 1112 5064 degentes,
1138 5005 1167 5045 ut
1185 5009 1216 5045 ea
1234 4993 1372 5058 inspiciant
1390 4997 1416 5042 et
1434 4991 1546 5068 certiora

217 5117 263 5152 uos
287 5101 320 5151 de
343 5100 376 5150 iia
397 5100 531 5152 emesena
568 5096 655 5146 Etiam
678 5097 705 5146 iu
729 5094 786 5146 eod.
804 5095 889 5156 6040,
916 5093 961 5158 qui
980 5089 1157 5155 complectitur
1180 5086 1261 5136 multe
1283 5085 1448 5150 divamque,
1471 5077 1545 5130 Ursi·

217 5193 294 5244 uiaua
312 5192 439 5259 quaedam
457 5187 621 5254 reperiuntur
639 5187 797 5253 praescripto
815 5185 920 5237 nomine
938 5183 1025 5234 Latini
1042 5179 1140 5232 Latinii
1158 5175 1183 5240 (Ι
1201 5195 1227 5244 p.
1240 5175 1296 5239 ta).
