3712 5838
338 570 411 642 232
938 572 1083 627 renem

338 665 1664 700 ,.--.------———---—-—--··-·---

338 779 407 822 esse
435 759 580 820 Henzeno
612 763 642 812 et
668 753 855 811 Mommseno
884 747 979 805 visum
1009 753 1064 804 est.
1107 744 1172 815 hoe,
1201 742 1272 800 licet
1299 760 1359 799 non
1386 748 1533 816 pugnaret
1560 747 1665 799 centra

340 881 492 922 sacrorum
514 875 611 927 usum,
637 861 737 912 tamen
762 851 805 908 ita
832 867 900 908 csse
927 847 978 905 vix
1001 843 1191 904 crediderim:
1225 843 1314 901 etiam
1342 843 1439 900 minus
1465 841 1564 917 placet
1583 838 1666 917 quod

338 965 483 1024 llenzeno
505 960 601 1017 visum
630 965 692 1025 est,
719 969 787 1010 esse
809 951 865 1010 hoc
887 966 1005 1006 sacrum
1028 943 1146 1019 Quirini
1168 943 1340 1002 natalicium
1368 943 1452 1002 aedis
1477 942 1541 1001 eius
1563 941 1665 1000 nescio

339 1083 398 1141 quo
416 1071 550 1138 tempore
564 1057 702 1116 refectae.
734 1052 949 1110 refecturumne
965 1046 1082 1106 aedium
1097 1054 1216 1122 praeter
1229 1045 1374 1102 factarum
1396 1043 1511 1102 natales
1534 1041 1664 1100 celebra-

338 1162 465 1224 bantur?
498 1161 673 1238 priusquam
705 1154 797 1231 igitur
828 1153 864 1209 de
897 1151 974 1208 sacri
1008 1146 1135 1220 Quirino
1167 1146 1240 1204 iacti
1271 1153 1379 1202 natura
1410 1145 1557 1202 disseram
1588 1144 1666 1200 hanc

338 1274 432 1324 totam
458 1281 534 1338 quae
560 1267 608 1318 est
635 1257 672 1315 de
699 1255 815 1314 aedium
842 1269 993 1310 sacrarum
1019 1249 1169 1306 natalibus
1191 1246 1397 1322 quaestionem
1424 1244 1511 1303 video
1533 1243 1606 1302 mihi
1628 1243 1665 1300 de

338 1367 455 1444 integro
476 1359 694 1420 retractandam
715 1373 792 1414 esse.

422 1465 472 1523 Ex
498 1457 707 1535 hemerologiis
735 1458 891 1531 Augustae
917 1451 1023 1510 aetatis
1056 1469 1146 1508 unum
1176 1447 1406 1506 Praenestinum
1434 1444 1534 1504 Verrii
1563 1445 1665 1504 Flacci

339 1566 458 1626 disertis
486 1563 586 1622 verbis
612 1557 788 1634 templorum
815 1554 930 1613 natales
958 1551 1069 1610 indicat
1094 1552 1150 1608 hae
1176 1549 1317 1606 formula:
1350 1549 1403 1605 boe
1428 1545 1491 1621 (vel
1516 1549 1594 1622 quod
1619 1545 1664 1621 eo)

339 1669 385 1726 die
406 1667 487 1724 ecclia
510 1705 590 1721 ....
614 1661 746 1718 dedicato
768 1665 807 1714 eet
830 1655 908 1730 (lan.
932 1653 969 1711 27
991 1653 1079 1710 Mart.
1099 1653 1125 1708 1.
1151 1651 1198 1710 19.
1220 1652 1296 1725 Apr.
1315 1650 1361 1707 10.
1385 1649 1439 1725 28)
1462 1649 1585 1706 adiectis
1608 1666 1663 1706 coe.

338 1770 370 1827 111
392 1767 465 1826 solis
487 1762 607 1838 templis
630 1760 727 1818 arisve
750 1757 887 1832 Augusto
908 1753 1051 1811 dedicatis
1074 1751 1152 1827 (Ian.
1176 1752 1203 1810 8.
1230 1750 1276 1810 16.
1300 1750 1349 1808 30.
1372 1751 1447 1824 Apr.
1470 1749 1538 1826 28);
1567 1761 1666 1809 cetera

338 1866 542 1942 hemerologia
562 1869 680 1938 praeter
701 1859 776 1916 haec
796 1857 864 1932 ipsa
884 1854 1007 1930 templa,
1034 1853 1070 1911 de
1097 1852 1205 1928 quibus
1233 1851 1371 1909 similiter
1394 1851 1527 1909 referunt
1554 1850 1622 1925 (lul.
1645 1852 1664 1908 4

340 1972 418 2044 Aug.
437 1968 484 2025 10.
509 1965 555 2022 18.
575 1961 640 2037 28),
662 1961 843 2036 reliquorum
866 1955 982 2015 natales
1005 1954 1071 2012 sola
1093 1953 1171 2012 sacri
1190 1953 1247 2010 deo
1268 1953 1378 2011 deaeve
1392 1953 1465 2012 facti
1485 1952 1666 2011 iudicatione

338 2070 499 2139 occultant,
519 2080 686 2143 perpaucos
708 2053 849 2135 a(etalee)
871 2059 960 2115 habet
975 2055 1148 2114 Philoealus
1166 2053 1243 2128 (Ian.
1260 2055 1277 2111 3
1301 2055 1379 2129 Aug.
1396 2054 1424 2112 5.
1443 2053 1478 2110 13
1503 2051 1585 2130 Sept.
1605 2054 1665 2130 11).

338 2172 399 2230 iem
424 2170 493 2227 licet
517 2166 611 2225 multa
638 2163 760 2220 deorum
788 2177 874 2218 sacra
895 2178 913 2216 a
934 2157 1082 2216 natalibus
1105 2154 1283 2229 templorum
1310 2155 1445 2230 profecta
1465 2171 1533 2214 esse
1555 2163 1585 2214 et
1605 2162 1665 2214 tra·

339 2273 433 2329 ditum
456 2277 485 2326 et
506 2283 658 2342 nunquam
680 2263 848 2338 ignoratum
871 2259 918 2329 sit,
945 2264 1045 2315 tamen
1070 2274 1131 2314 non
1157 2254 1254 2313 solum
1275 2255 1366 2314 ferias
1388 2255 1612 2331 antiquissimas
1635 2247 1676 2314 in'

338 2374 445 2431 horum
467 2384 589 2428 numero
616 2381 686 2423 esse
707 2382 769 2420 non
790 2379 878 2439 posse
900 2359 1103 2417 Mommsenus
1130 2355 1230 2413 docuit
1251 2353 1286 2414 O.
1308 2355 1333 2412 Ι.
1356 2354 1393 2412 L.
1422 2357 1446 2426 ll
1467 2377 1497 2432 p.
1519 2357 1589 2429 316,
1612 2358 1664 2418 sed

339 2474 429 2532 etiem
455 2471 491 2528 de
517 2467 619 2526 multis
646 2485 684 2524 ex
710 2463 888 2540 posterioris
918 2459 984 2518 aevi
1018 2458 1111 2516 sacris
1144 2464 1223 2514 certe
1251 2455 1379 2514 dubitari
1406 2467 1514 2533 potest.
1557 2460 1665 2536 quibus

338 2571 573 2633 dubitationibus
601 2584 669 2625 rare
697 2565 877 2640 scriptorum
904 2559 1085 2620 testimoniis
1105 2558 1274 2616 liberamur.
1318 2575 1353 2615 ac
1375 2558 1481 2616 mirum
1509 2561 1665 2638 estquod,

339 2695 405 2734 cum
428 2673 541 2747 aliquot
561 2667 676 2726 natales
700 2666 800 2742 sparsi
827 2662 1016 2720 inveniantur
1041 2662 1071 2718 in
1097 2659 1275 2735 antiquioris
1297 2659 1439 2716 historiae
1461 2659 1558 2732 libris,
1584 2661 1666 2720 velut

340 2771 482 2850 Capitolii
505 2769 585 2845 (Liv.
603 2768 631 2838 7,
655 2765 698 2842 3),
720 2763 856 2822 Castoris
879 2761 921 2839 (2,
945 2761 984 2818 42
1006 2761 1058 2818 ubi
1079 2769 1178 2818 tamen
1200 2759 1354 2834 erratum),
1376 2761 1515 2820 Mercurii
1537 2761 1579 2838 (2,
1599 2761 1664 2839 21),

338 2876 393 2934 Dii
414 2871 496 2930 Fidii
517 2869 660 2943 (Dionys.
678 2866 707 2935 9,
723 2864 787 2939 60),
809 2864 839 2921 in
863 2881 898 2920 ea
920 2861 1068 2920 annalium
1092 2869 1186 2937 parte,
1205 2861 1237 2918 in
1258 2879 1318 2936 qua
1338 2880 1392 2938 per
1413 2862 1547 2938 singulos
1570 2883 1665 2923 annos

338 2992 438 3034 rerum
466 2988 617 3030 sacrarum
644 2964 866 3024 vicissitudines
897 2971 1070 3021 constanter
1101 2969 1319 3033 enumerantur,
1351 2961 1494 3021 Livianus
1519 2963 1586 3022 dico
1613 2966 1665 3024 de-

339 3047 428 3136 cadas
456 3091 475 3130 a
500 3070 589 3128 tertia
616 3067 655 3126 ad
681 3066 825 3142 quintam,
853 3084 890 3122 ne
917 3082 993 3122 unus
1023 3062 1140 3139 quidem
1168 3069 1303 3120 servatus
1325 3073 1378 3120 est.
1421 3063 1501 3138 quod
1522 3066 1664 3142 expedire

338 3194 400 3236 non
413 3190 537 3251 possum
551 3169 610 3228 nisi
622 3166 799 3244 sumpserim
812 3175 947 3224 auctores
957 3164 1037 3222 Livii
1054 3181 1215 3240 usurpasse
1230 3163 1337 3221 librum
1357 3163 1495 3239 aliquem,
1512 3166 1543 3224 in
1554 3185 1613 3242 quo
1626 3186 1665 3225 ex

338 3277 511 3354 pontificum
533 3270 690 3329 annalibus
718 3267 921 3326 dedicationes
948 3265 1125 3340 templomm
1149 3263 1261 3322 relatae
1283 3273 1384 3322 essent
1403 3265 1545 3325 detractis
1565 3274 1665 3326 tamen

338 3379 443 3437 diebus
466 3372 626 3441 nataliciis,
648 3371 759 3446 quippe
780 3370 831 3444 qui
852 3369 884 3426 in
905 3367 1087 3425 kalendariis
1109 3364 1242 3424 adnotati
1264 3374 1410 3424 extarent.
1453 3367 1483 3424 in
1506 3369 1664 3429 annalibus

339 3489 437 3538 autem
469 3475 532 3533 illis
559 3483 610 3531 aut
642 3477 721 3529 certe
748 3471 780 3528 in
807 3488 906 3528 annua
932 3468 1085 3543 pontificis
1110 3467 1214 3525 tabula
1231 3485 1286 3542 per
1307 3468 1437 3542 1111911111
1465 3471 1535 3542 dies,
1563 3479 1596 3528 ut
1624 3472 1666 3529 ait

340 3577 422 3640 Serv.
449 3576 487 3634 ad
508 3577 546 3634 A.
572 3575 599 3644 1,
623 3572 693 3642 373,
725 3572 782 3628 hoe
811 3577 856 3628 est
882 3568 1033 3644 adscripta
1066 3567 1125 3626 diei
1158 3574 1237 3637 nota,
1270 3569 1342 3626 haee
1374 3586 1492 3644 quoque
1525 3573 1666 3647 exposita

337 3681 457 3738 suerunt
483 3675 534 3750 (cl.
556 3673 700 3733 Huebner
719 3671 822 3729 Jatro.
845 3673 872 3745 s.
897 3669 974 3727 Plu.
1000 3668 1078 3727 1859
1100 3688 1129 3744 p.
1150 3667 1235 3744 420).
1285 3687 1324 3726 ex
1350 3669 1396 3727 his
1424 3670 1515 3745 igitur
1542 3673 1666 3732 sinceris

337 3780 471 3839 fontibus
494 3782 546 3832 aut
566 3793 605 3832 ex
620 3772 805 3831 kalendariis
828 3771 1045 3846 antiquioribus
1059 3768 1158 3828 Varro
1181 3769 1300 3844 aliique,
1322 3770 1429 3844 quibus
1443 3789 1516 3830 usus
1530 3781 1578 3831 est
1593 3772 1665 3832 Ovi-

338 3881 416 3953 dius,
438 3877 582 3935 natalium
601 3873 774 3933 memoriam
788 3872 979 3947 repetierunt,
1001 3889 1127 3946 quorum
1142 3869 1321 3928 testimoniis
1337 3871 1429 3930 adiuti
1444 3873 1665 3949 Augusteorum

338 3978 609 4053 hemerologiorum
642 3973 865 4047 ambiguitatem
897 3972 1074 4046 aliquotiens
1107 3970 1249 4047 expedire
1285 3987 1452 4048 possumus.
1510 3975 1561 4033 ubi
1593 3976 1666 4034 talia

339 4078 512 4138 testimonia
533 4075 673 4132 deficiunt
694 4081 816 4148 putatur
836 4089 885 4130 res
906 4072 1003 4130 redire
1029 4073 1068 4130 ad
1089 4072 1203 4130 dierum
1224 4079 1321 4132 notas.
1364 4074 1407 4130 ita
1428 4073 1590 4134 Merkelius
1612 4095 1667 4152 per

340 4187 405 4237 tota
425 4175 638 4251 prolegomena
658 4173 804 4232 fastorum
825 4174 937 4248 passim
960 4172 1113 4231 contendit
1138 4173 1254 4232 natales
1282 4174 1458 4250 templorum
1485 4185 1515 4234 et
1535 4177 1666 4236 maxime

340 4297 454 4348 eorum,
482 4294 558 4353 quae
580 4276 735 4350 Augustus
762 4273 942 4333 dedicaverit
967 4273 1031 4332 sola
1050 4289 1079 4330 re
1106 4282 1179 4332 nota
1199 4274 1342 4350 insignita
1362 4293 1439 4346 esse,
1469 4277 1519 4334 ubi
1542 4277 1602 4336 alia
1620 4279 1666 4337 in·

341 4381 491 4448 veniatur,
525 4383 576 4435 aut
601 4375 731 4455 natalem
757 4393 816 4432 nou
845 4393 914 4434 esse
946 4383 998 4432 aut
1029 4391 1147 4432 errasse
1179 4375 1346 4434 kalendarii
1378 4385 1543 4435 auctorem:
1576 4379 1666 4438 veluti

339 4483 422 4541 Iovis
447 4478 578 4538 tonantis
606 4477 695 4534 aedes
723 4475 858 4534 dedicata
883 4484 931 4534 111
955 4475 1016 4532 kal.
1040 4473 1132 4552 Sept,
1161 4477 1211 4552 qui
1237 4477 1302 4536 dies
1329 4477 1361 4535 in
1382 4478 1475 4535 Amit.
1498 4487 1618 4537 notatur
1640 4497 1665 4538 1.

341 4585 393 4643 1111
414 4582 496 4639 illam
512 4577 651 4638 Merkelii
673 4577 904 4653 disputationem
926 4597 964 4636 ex
985 4585 1069 4654 parte
1083 4578 1286 4637 Mommsenus
1306 4577 1448 4636 refutavit
1465 4599 1495 4655 p.
1509 4579 1579 4638 366.
1596 4580 1665 4638 377.

341 4683 402 4743 alia
428 4680 573 4740 dubitatio
600 4680 694 4738 oritur
720 4678 757 4736 de
785 4679 864 4737 binis
890 4678 1064 4754 pluribusve
1092 4679 1174 4738 aedis
1201 4680 1288 4737 unius
1316 4679 1476 4738 natalibus.
1519 4698 1589 4738 nam
1616 4681 1667 4739 ubi

341 4785 413 4842 bina
439 4783 564 4859 plurave
590 4780 720 4839 numinis
742 4779 874 4836 eiusdem
896 4798 982 4838 saera
1002 4788 1154 4852 notantur,
1175 4797 1251 4856 quae
1272 4780 1388 4838 natales
1413 4797 1480 4838 esse
1500 4780 1666 4854 videantur,

341 4885 511 4960 quaesitum
537 4888 584 4940 est
612 4881 710 4939 sintne
739 4881 765 4940 ei
790 4879 974 4939 diversarum
996 4881 1114 4940 aedium
1136 4899 1175 4938 an
1196 4882 1355 4940 earundem
1376 4881 1521 4940 factarum
1542 4881 1668 4941 reiecta·

341 5002 474 5058 rumque.
517 4983 660 5040 fluctuant
686 4989 715 5040 et
740 4981 878 5039 Merkelii
904 4992 934 5039 et
960 4981 1151 5041 Mommsenii
1177 4981 1285 5040 iudicia
1317 4981 1360 5056 (v.
1390 4982 1477 5040 huius
1505 4981 1606 5041 adnot.
1629 4982 1666 5040 de

343 5079 462 5155 Quirini
484 5089 514 5139 et
535 5079 673 5140 Castoris
694 5081 818 5142 aedibus
841 5080 999 5141 0.1.1..1
1023 5101 1053 5159 p.
1069 5083 1139 5142 385.
1163 5082 1248 5159 395).
1290 5083 1344 5141 sed
1364 5085 1452 5142 huius
1473 5082 1667 5144 dubitationis

342 5200 435 5241 causa
461 5183 622 5260 praecipua
646 5182 702 5243 11111
727 5183 806 5260 quod
832 5184 903 5259 quid
930 5184 970 5242 sit
995 5183 1097 5242 aedem
1123 5184 1242 5243 reficere
1264 5203 1324 5244 nou
1345 5194 1433 5244 extra
1454 5183 1667 5244 dubitationem
