3712 5838
648 596 832 651 mnenon.
856 599 1059 653 aavnnrvu.
1443 589 1515 664 231

191 766 276 826 vides
303 765 378 824 haec
405 766 506 824 omnia
532 766 612 825 dicta
637 784 705 827 esse
737 767 774 826 de
800 770 873 828 aede
905 783 992 830 extra
1018 773 1120 832 urbem
1147 777 1257 850 posita.
1306 779 1413 838 deinde
1439 783 1518 858 quod

189 867 268 925 idem
290 867 471 926 Plutarchus
493 867 580 926 Rom.
605 867 643 925 27
670 875 774 926 namat
800 870 961 929 secuudum
989 875 1135 949 quosdam
1156 877 1318 938 Romulum
1346 879 1373 937 ἓν
1394 885 1436 956 τῷ
1456 883 1519 966 ἱερῷ

191 969 243 1025 τοῦ
261 959 422 1042 Ἦιιιαῖπου
445 988 464 1027 a
484 969 672 1027 senatoribus
694 968 826 1026 occisum
847 987 924 1043 esse,
946 991 982 1030 eo
1001 973 1068 1033 loco
1090 977 1150 1033 iam
1166 975 1343 1038 Sachsiusl
1368 1001 1397 1057 p.
1415 984 1452 1041 77
1475 986 1519 1043 ita

191 1085 265 1128 usus
281 1075 354 1141 erat,
376 1075 409 1129 ut
423 1070 527 1128 aedem
543 1071 574 1128 in
588 1069 716 1128 Volcani
738 1089 810 1129 area
830 1091 862 1129 re
882 1090 953 1130 vera
966 1072 1060 1134 luisse
1075 1087 1155 1136 recte
1169 1090 1300 1155 negaret,
1322 1081 1518 1143 Plutarchum

191 1170 229 1228 de
256 1187 293 1228 ca
319 1171 451 1246 cogitare
476 1170 555 1229 falso
582 1171 763 1230 adfirmaret.
805 1190 875 1229 nam
897 1173 1074 1250 quicumque
1094 1177 1223 1253 ineptias
1243 1182 1317 1240 istas
1338 1186 1519 1260 excogitavit

191 1271 219 1329 is
238 1269 401 1330 Romulum
426 1272 458 1330 in
485 1290 591 1348 campo
617 1271 732 1349 perisse
759 1290 870 1348 negare
896 1292 957 1331 non
984 1284 1114 1350 poterat;
1147 1277 1234 1338 finxit
1259 1289 1358 1341 autem
1383 1295 1519 1345 senatum

193 1379 262 1429 ante
287 1380 405 1447 portam
432 1373 607 1430 convenisse
636 1373 666 1430 in
689 1391 725 1430 ea
747 1372 829 1444 aede,
851 1389 929 1448 quae
950 1385 1058 1450 postea
1082 1378 1125 1436 ibi
1145 1378 1226 1437 iacta
1247 1392 1301 1452 est,
1328 1391 1362 1441 ut
1383 1387 1520 1445 similiter

192 1471 293 1530 fictum
315 1489 381 1532 esse
404 1473 490 1531 docui
513 1473 593 1550 quod
616 1473 652 1532 de
674 1481 780 1531 senatu
807 1473 838 1531 in
864 1474 937 1534 aede
959 1475 1025 1533 lani
1047 1478 1086 1535 ad
1111 1479 1259 1538 theatrum
1281 1483 1416 1542 Marcelli
1441 1487 1520 1546 facto

193 1571 274 1647 apud
288 1571 413 1632 Festum
427 1573 554 1652 legimus
570 1593 608 1631 ex
622 1574 724 1632 nescio
740 1573 848 1650 quibus
863 1575 1021 1634 annalibus
1037 1588 1209 1655 excerptum
1226 1580 1267 1655 (v.
1282 1583 1400 1642 Hermes
1415 1587 1444 1656 4,
1460 1585 1522 1645 234

199 1672 401 1750 Topanta
425 1673 473 1750 a).
521 1691 626 1732 ansam
658 1675 800 1751 praebere
832 1677 966 1750 potuisse
999 1678 1108 1737 talibus
1141 1684 1316 1741 commentis
1349 1686 1522 1745 senaculum

193 1792 260 1832 cum
285 1774 440 1833 Volcanali
462 1774 651 1834 coniunctum
673 1783 703 1833 et
725 1773 867 1834 Sachsius
889 1777 909 1834 l.
932 1795 955 1834 c.
978 1778 1053 1837 vidit
1074 1798 1128 1837 nec
1149 1781 1299 1857 ignoravit
1320 1785 1385 1859 ipse
1406 1787 1522 1846 Detlei·

194 1891 284 1934 senus
305 1875 324 1933 l.
349 1895 374 1934 c.
402 1897 431 1952 p.
457 1875 525 1934 151.
552 1908 594 1918 -
625 1877 798 1952 ignoramus
831 1896 892 1953 quo
924 1886 1058 1955 tempore
1089 1881 1170 1939 lacta
1198 1884 1238 1940 sit
1263 1884 1352 1944 aedes
1379 1885 1521 1947 Volcani:

193 1976 368 2035 crediderim
390 1985 489 2035 tamen
511 1994 579 2035 esse
601 1995 691 2035 unam
707 1977 744 2035 de
758 1977 871 2047 multis,
895 1979 932 2036 de
953 1997 1079 2055 quarum
1095 1981 1218 2056 origine,
1241 1985 1268 2042 si
1282 1984 1402 2044 Liviani
1423 1989 1523 2065 operis

194 2076 261 2134 libri
288 2077 357 2136 inde
384 2079 422 2137 ab
449 2077 605 2136 undecimo
635 2078 673 2136 ad
694 2078 868 2136 vicesimum
892 2089 1039 2152 extarent,
1065 2089 1224 2140 constaret.
1267 2103 1319 2143 eos
1348 2086 1438 2146 libros
1471 2091 1523 2165 qui

194 2177 394 2254 epitomarunt
418 2197 487 2237 raro
514 2178 715 2237 dedicationes
742 2179 930 2254 templorum,
959 2199 1084 2255 quorum
1111 2201 1219 2259 magna
1245 2203 1316 2262 pars
1342 2195 1448 2260 postea
1472 2199 1525 2248 aut

194 2279 370 2338 interierunt
396 2288 450 2338 aut
475 2287 555 2338 certe
576 2299 681 2357 parum
703 2279 823 2356 cognita
843 2280 970 2352 fuerunt,
997 2282 1158 2341 lectoribus
1180 2285 1244 2342 suis
1265 2287 1392 2361 prodere
1414 2307 1523 2365 operae

193 2380 321 2456 pretium
349 2380 513 2438 duxerunt:
547 2399 582 2440 eo
610 2380 706 2456 magis
733 2380 893 2439 dolendum
919 2390 974 2453 est,
1007 2383 1087 2458 quod
1109 2381 1147 2440 ad
1180 2403 1249 2443 rara
1276 2387 1349 2446 haec
1375 2388 1523 2450 fastorum

195 2498 348 2540 sacrorum
370 2481 498 2558 vestigia
518 2481 698 2557 topographi
720 2500 781 2541 non
803 2482 876 2540 satis
899 2482 1097 2542 attenderunt.
1130 2484 1223 2543 veluti
1238 2486 1349 2546 frastra
1370 2491 1450 2567 apud
1472 2509 1524 2550 eos

195 2583 382 2658 quaesiveris
419 2582 592 2641 memoriam
624 2581 708 2640 aedis
740 2581 826 2640 Palis
859 2601 878 2640 a
908 2583 949 2640 M.
981 2584 1078 2643 Atilio
1111 2603 1137 2642 a.
1166 2587 1226 2644 487
1259 2599 1356 2659 votae,
1394 2590 1430 2648 de
1462 2611 1523 2668 qua

194 2682 304 2742 Florus
329 2685 355 2754 1,
379 2683 427 2756 15,
450 2683 504 2741 20:
539 2693 565 2742 et
585 2685 616 2740 in
637 2683 689 2740 loc
711 2687 861 2741 certamine
882 2687 1007 2758 pretium
1034 2686 1166 2760 templum
1199 2688 1253 2744 sili
1277 2694 1412 2763 portoria
1438 2692 1524 2751 Pales

194 2783 270 2842 altro
288 2788 428 2859 poposcit,
453 2783 575 2844 Scholia
596 2782 686 2842 Bern.
708 2783 746 2840 ad
768 2781 860 2858 Verg.
883 2782 938 2843 Ge.
962 2785 991 2856 3,
1015 2785 1029 2840 l
1056 2785 1175 2862 (acapna
1195 2787 1312 2863 Palea).·
1334 2794 1435 2866 ternplo
1458 2797 1485 2851 ei
1506 2813 1525 2851 a

194 2884 303 2960 Repnlo
325 2890 473 2945 coarctato
496 2884 653 2944 Sallentini
674 2887 742 2943 victi
762 2896 836 2943 aunt.
868 2885 1025 2944 Brundisii
1045 2885 1256 2962 imperatorem
1278 2889 1447 2951 Romanum
1468 2895 1525 2953 hoc

195 2986 338 3063 templum
359 2987 466 3044 fecisse
489 2986 557 3062 quis
580 2985 681 3044 credet
701 2984 837 3043 Prellero
860 2985 965 3062 (Myra.
988 3007 1018 3064 p.
1035 2987 1129 3062 365st

278 3085 502 3163 Relinquuutur
527 3105 615 3145 sacra
641 3087 731 3144 huius
759 3086 818 3144 diei
844 3087 915 3144 bina
946 3087 1095 3163 Qnir(ino)
1124 3091 1153 3146 in
1178 3090 1259 3160 colle,
1288 3091 1447 3170 Vollc(uno)
1469 3097 1525 3172 [in]

196 3191 316 3246 comitio.
359 3189 513 3246 comitium
542 3187 649 3245 aetatis
681 3187 774 3256 illius,
807 3204 844 3244 ne
876 3187 1008 3262 abripiar
1040 3189 1138 3246 alieno
1170 3190 1239 3247 loco
1271 3191 1302 3248 in
1335 3197 1524 3266 quaestiones

195 3288 403 3360 difficillimas,
435 3289 509 3347 satis
537 3289 576 3347 eit
602 3287 756 3346 monuisse
783 3305 843 3344 non
870 3304 936 3345 esse
963 3287 1060 3363 ipsam
1082 3286 1211 3346 Volcani
1233 3307 1348 3362 aream,
1377 3295 1430 3350 sed
1452 3294 1524 3353 Vol·

196 3388 294 3447 canali
321 3390 494 3448 subiectum.
537 3389 570 3446 in
596 3387 717 3447 comitio
743 3387 843 3464 igitur,
876 3387 927 3445 nbi
953 3386 1191 3463 Quinquatribus
1225 3389 1294 3447 salii
1327 3410 1393 3450 cum
1425 3397 1525 3468 ponti·

195 3489 303 3549 ficibus
330 3498 360 3550 et
386 3490 515 3549 tribunis
543 3490 672 3547 celerum
704 3489 862 3558 iaciebant,
895 3506 1013 3546 sacrum
1042 3487 1175 3546 Volcano
1207 3497 1270 3547 tum
1302 3491 1400 3550 fiebat.
1444 3495 1525 3555 haud

196 3593 302 3667 procul
323 3610 342 3649 a
363 3592 483 3650 comitio
512 3591 543 3649 in
570 3591 636 3668 ipso
661 3589 727 3648 foro
754 3589 891 3647 audimus
918 3589 990 3648 deae
1016 3607 1082 3646 cum
1105 3587 1241 3647 Volcano
1263 3592 1525 3656 coniunctissimae

197 3710 217 3750 a
237 3692 324 3769 plebe
337 3691 477 3750 Romana
498 3691 583 3767 ignes
606 3709 674 3750 esse
696 3707 848 3748 accensos.
882 3709 950 3747 nam
973 3691 1016 3747 ita
1028 3689 1139 3748 Festus
1161 3708 1190 3765 p.
1207 3691 1281 3750 317:
1310 3691 1410 3751 Statae
1423 3701 1524 3756 notris

197 3793 380 3852 simulacrum
411 3795 441 3850 ln
466 3795 537 3867 soro
571 3792 724 3851 colebatur.
763 3801 918 3866 postquam
949 3793 982 3848 iel
1007 3787 1026 3860 ι
1053 3790 1232 3849 collastravit
1259 3810 1293 3850 nc
1321 3792 1432 3869 lapidee
1460 3802 1526 3872 ipae

197 3903 443 3970 corrumperentur
464 3897 513 3968 qai
527 3895 650 3968 plurimi
663 3893 811 3968 (plurimis
826 3891 908 3967 cod.)
929 3891 969 3950 ibi
983 3892 1092 3966 fiebant
1110 3903 1246 3950 noctarno
1268 3904 1398 3969 tempore,
1420 3916 1526 3973 rnapna

194 4012 270 4070 parc
293 3995 398 4069 populi
425 3997 455 4051 in
483 4011 550 4053 saon
579 3998 699 4070 quisquc
724 3996 800 4051 vicos
828 3992 998 4052 rettulerant
1022 3996 1080 4050 cias
1108 3994 1177 4050 deae
1198 3992 1310 4051 cultam.
1354 4006 1526 4074 comuptum

197 4095 271 4153 illud
294 4094 470 4154 collastravit
491 4094 667 4154 Huschkius
689 4095 817 4152 correxit
839 4093 996 4153 scribendo
1017 4094 1097 4154 Cotto
1119 4097 1229 4152 atrae-it.
1263 4097 1384 4170 atquin
1406 4108 1453 4157 est
1474 4101 1526 4160 ille

199 4194 290 4255 Cotta
310 4195 353 4254 sic
372 4196 451 4254 narde
473 4196 675 4254 nominatus?
694 4207 723 4254 et
745 4215 798 4254 cur
819 4213 878 4253 non
899 4195 998 4271 potins
1019 4195 1159 4253 scribitur
1181 4193 1266 4253 Sulla
1287 4199 1408 4256 strauit?
1436 4201 1525 4260 modo

198 4313 235 4356 ne
258 4314 325 4355 cam
345 4296 483 4355 Prellero
504 4295 609 4372 (Myra.
629 4316 659 4373 p.
676 4296 750 4372 530)
774 4295 891 4355 Cottam
915 4293 1067 4354 Sullamne
1088 4295 1187 4354 lorum
1208 4295 1359 4371 lapidibus
1382 4301 1526 4360 stravisse

198 4406 298 4475 putes,
319 4417 356 4456 ne
377 4397 462 4473 ignes
485 4395 587 4456 Statue
613 4399 730 4456 accensi
756 4397 905 4473 lapidibus
927 4403 1075 4454 nocerent.
1119 4396 1203 4455 vides
1223 4396 1309 4454 illum
1332 4398 1525 4475 quiscumque

196 4497 255 4558 fnit
285 4498 428 4557 amavisse
461 4499 517 4556 hoc
545 4507 592 4558 est
624 4498 799 4575 deposuisse
832 4505 970 4566 statuam,
1002 4505 1036 4553 ut
1066 4495 1188 4553 arbores
1221 4495 1339 4568 aliaque
1372 4495 1401 4552 id
1430 4515 1524 4573 genus

198 4599 291 4658 sterni
312 4599 459 4671 dicuntur,
485 4617 544 4674 quo
566 4599 646 4657 iacto
668 4598 788 4656 vicatim
809 4597 866 4655 dea
886 4597 940 4654 illa
960 4595 1018 4654 coli
1040 4603 1146 4671 coepta
1166 4600 1222 4652 est.
1265 4603 1369 4652 uotum
1391 4605 1437 4655 est
1457 4618 1524 4658 eam

197 4699 370 4776 religionem
397 4700 435 4758 ab
463 4702 604 4778 Augusto
629 4700 808 4774 imperatore
835 4697 1031 4755 instauratam
1058 4713 1133 4754 esse.
1177 4701 1307 4754 ceterum
1327 4695 1425 4755 forum
1448 4700 1524 4775 lapi·

199 4799 287 4858 dibus
310 4807 436 4860 stratum
458 4800 554 4860 fuisse
573 4809 641 4860 ante
662 4820 688 4858 a.
712 4799 784 4870 458,
811 4816 870 4874 quo
891 4797 957 4854 viae
978 4795 1116 4871 publicae
1140 4796 1172 4854 in
1193 4795 1268 4854 urbe
1288 4796 1382 4855 sterni
1402 4807 1526 4875 coeptae

198 4907 279 4972 sunt,
300 4909 534 4961 consentaneum
556 4909 611 4961 est.
653 4906 768 4959 remoto
790 4899 881 4976 igitur
901 4917 920 4957 a
940 4897 998 4956 fori
1020 4916 1090 4956 area
1111 4896 1272 4956 simulacro
1293 4896 1365 4954 deae
1386 4899 1526 4975 populari

198 5001 345 5078 religione
367 5011 397 5061 et
418 5022 501 5062 more
522 5021 568 5075 eo,
590 5003 641 5079 qui
663 5020 743 5060 nuno
764 5019 882 5078 quoque
904 5018 958 5076 per
979 4999 1110 5058 aestivos
1130 5017 1248 5059 menses
1267 5000 1381 5059 Romae
1402 5000 1525 5076 obtinet,

199 5101 307 5175 cultae,
327 5103 358 5162 iu
381 5105 450 5180 ipso
471 5104 590 5163 comitio
614 5112 664 5161 aut
686 5103 797 5162 mansit
818 5111 870 5161 aut
889 5099 1085 5160 instauratum
1108 5106 1154 5158 est
1173 5102 1292 5179 coniugi
1313 5103 1378 5161 eius
1398 5120 1524 5163 sacmm.

198 5201 252 5262 sed
273 5203 357 5264 nullo
379 5223 446 5265 cum
469 5205 597 5265 Volcani
622 5204 768 5282 religione
794 5203 911 5262 vinculo
934 5201 1053 5275 Quirini
1078 5200 1109 5259 in
1135 5202 1212 5262 colle
1241 5221 1359 5264 sacrum
1381 5222 1527 5262 conexum

1265 5303 1322 5362 17*
