3742 5826
349 545 421 616 194
936 559 1081 612 unuzsu

345 736 425 795 Huic
454 736 549 807 enim,
577 735 688 811 quippe
715 751 774 810 quo
796 733 989 792 Domitianus
1011 731 1107 790 XIIII
1132 739 1162 790 et
1181 729 1219 790 L.
1243 732 1391 792 Miuucius
1414 731 1512 792 Rufus
1534 731 1675 792 consules

347 837 489 897 ordinarii
510 835 726 914 processerint,
748 843 816 894 ante
838 835 916 894 diem
938 851 1009 892 vero
1030 832 1125 892 XVII
1146 833 1176 892 lr.
1198 833 1295 892 Maias
1317 832 1343 890 L
1350 873 1478 892 .........
1501 843 1532 893 et
1552 833 1672 892 Plotius

347 937 472 1016 Grypua
493 938 591 998 fasces
606 937 756 1014 gesserint
776 935 845 1011 (act.
865 937 937 994 Arv.
960 955 987 994 a.
1004 935 1068 1011 87),
1091 951 1187 1010 neque
1201 935 1434 1011 quadrimestrIa
1448 953 1503 994 nec
1517 936 1675 994 semestris

346 1039 478 1098 nundina
499 1047 570 1116 apta
591 1047 675 1110 sunt3
697 1037 861 1098 trimestria
882 1045 980 1096 eutem
1002 1055 1068 1096 oum
1090 1037 1146 1095 hac
1168 1045 1247 1096 certe
1262 1044 1359 1096 aetate
1373 1035 1590 1108 nulls-luerint,
1612 1055 1672 1096 non

344 1147 459 1200 restant
479 1140 538 1199 nIsi
553 1139 708 1200 bImeatria
722 1140 796 1199 sola.
834 1138 881 1198 De
903 1157 982 1197 anuo
998 1138 1036 1197 87
1060 1139 1157 1198 miuus
1172 1146 1299 1196 constat.
1335 1137 1382 1196 Eo
1397 1157 1477 1197 anno
1491 1156 1559 1205 cum
1573 1137 1672 1198 fasces

345 1242 513 1302 ordinarios
524 1242 718 1302 Domitianus
729 1241 808 1302 XIII
823 1260 888 1300 curm
901 1238 938 1297 L.
947 1239 1074 1299 Volusio
1086 1237 1248 1298 Saturnino
1259 1238 1450 1315 suscepisset,
1465 1239 1543 1299 inter
1554 1239 1618 1299 dies
1626 1225 1679 1298 VI

344 1344 412 1403 idus
424 1344 583 1402 Ianuarias
605 1353 635 1402 et
653 1343 701 1402 XI
715 1342 859 1402 kalendas
874 1340 1055 1400 Februarias
1066 1341 1248 1416 'imperatori
1270 1339 1412 1400 suffectus
1428 1349 1476 1400 est
1490 1339 1673 1417 Calpurnius

345 1445 466 1522 quidam
481 1453 636 1522 praeterea
650 1445 785 1521 ignotua3
807 1443 915 1502 deinde
929 1461 956 1500 a.
973 1444 1001 1501 d.
1017 1442 1114 1500 XIIII
1127 1441 1273 1501 kalendas
1287 1441 1391 1502 Iunias
1411 1440 1445 1501 (Ι.
1461 1441 1595 1502 Bellicus
1609 1443 1677 1502 Na·-

345 1547 415 1607 talis
429 1545 621 1606 Tebauianus
643 1554 674 1605 et
695 1543 729 1604 Ο.
752 1544 906 1603 Duceniua
927 1544 1075 1603 Proculus
1096 1542 1235 1602 consules
1257 1543 1457 1616 nominantur,
1479 1561 1581 1604 mense
1598 1542 1673 1621 Sep·

346 1647 452 1706 tembri
472 1647 597 1706 PrIscus
619 1646 739 1723 quidam
762 1664 830 1704 cum
851 1645 968 1723 collega
988 1645 1100 1721 Ignoto.
1135 1645 1183 1702 De
1205 1645 1262 1704 hoc
1283 1645 1374 1722 igitur
1395 1662 1473 1704 anno
1496 1645 1570 1704 nihil
1592 1645 1673 1704 edud

271 1771 274 1778 ¹
346 1748 494 1807 affirmare
516 1749 586 1806 licet
607 1748 666 1805 nisi
688 1747 862 1806 consulatus
876 1747 940 1805 eius
955 1755 1115 1806 semestres
1130 1765 1190 1805 non
1205 1745 1309 1806 inisse.
1345 1747 1383 1805 In
1397 1755 1558 1823 quaternos
1573 1759 1671 1806 autem

346 1867 464 1910 menses
491 1849 666 1927 plerumque
692 1868 711 1906 a
735 1849 910 1906 Domitiano
937 1848 1111 1907 consulatus
1139 1847 1227 1905 datos
1252 1865 1320 1906 esse
1348 1856 1541 1907 monumenta
1566 1848 1673 1907 contir-

345 1959 427 2010 mant
448 1951 485 2010 sd
508 1967 602 2009 annos
620 1949 669 2012 89.
691 1951 740 2010 91.
760 1949 799 2008 99
821 1949 1009 2024 pertinentia.
1054 1950 1144 2006 Anno
1158 1949 1198 2008 89
1221 1949 1364 2007 ordinarii
1386 1949 1524 2008 consules
1547 1949 1584 2008 T.
1607 1951 1672 2010 Au-

344 2053 436 2112 relius
458 2051 574 2110 Fulvus
596 2061 626 2110 et
647 2053 804 2110 AtratInus
825 2048 926 2109 nescio
947 2050 1015 2126 qula
1037 2067 1090 2125 per
1111 2066 1229 2108 menses
1255 2049 1444 2121 Ianuarium,
1465 2048 1673 2124 Februarium,

344 2153 499 2222 Martium,
521 2153 656 2230 Aprilem
679 2153 856 2229 magistratu
877 2151 971 2209 iuncti
992 2159 1076 2210 suut:
1103 2152 1134 2209 in
1155 2152 1231 2208 actis
1253 2151 1333 2210 euim
1355 2151 1511 2210 Arvalium
1534 2171 1587 2230 per
1608 2171 1671 2212 om-

233 2275 238 2286 ·
345 2272 398 2313 nes
432 2255 487 2312 hos
515 2271 633 2314 menses
661 2253 791 2312 formula
818 2271 895 2328 quae
922 2261 970 2310 est
999 2253 1088 2311 isdem
1113 2253 1272 2312 coeuntibus
1301 2253 1522 2328 praescribitur.
1577 2255 1614 2312 A.
1642 2254 1670 2312 d.

344 2356 451 2414 deinde
471 2354 569 2414 XIIII
590 2355 735 2413 kalendas
751 2354 852 2412 Iunias
875 2353 1049 2412 Peducaeus
1066 2351 1232 2414 Saenianus
1255 2371 1320 2410 cum
1343 2353 1469 2431 collega,
1492 2365 1524 2412 ut
1545 2355 1672 2428 videtur,

346 2455 490 2517 Sallustio
515 2455 628 2515 Blaeso
654 2455 809 2514 consulatu
838 2454 985 2532 iungitur:
1014 2455 1172 2513 Atratinus
1197 2453 1288 2530 igitur
1313 2465 1343 2512 et
1371 2453 1489 2514 Fulvus
1518 2458 1590 2532 quin
1618 2475 1672 2532 per

345 2567 486 2634 quattuor
507 2573 624 2615 meuses
646 2556 743 2615 fasces
766 2555 915 2632 gesserint
935 2555 1064 2614 dubitari
1086 2556 1198 2631 nequit.
1241 2557 1331 2614 Anno
1352 2574 1443 2633 porro
1465 2557 1502 2615 91
1531 2577 1591 2616 nou
1617 2559 1672 2618 mi-

236 2665 239 2672 '
344 2677 401 2717 nus
422 2665 563 2734 quattuor
584 2675 701 2716 menses
723 2657 764 2715 M.
786 2656 910 2733 Ulpium
932 2657 1096 2716 Traianum
1124 2666 1154 2715 et
1175 2657 1225 2715 M.'
1248 2657 1378 2715 Acilium
1402 2655 1595 2718 Glabrionem
1617 2661 1671 2719 bo-

345 2777 417 2817 nore
440 2776 509 2818 usos
531 2775 598 2817 esse
620 2758 688 2816 inde
710 2757 868 2834 colligitur,
891 2759 972 2832 quod
995 2758 1069 2816 actIs
1092 2758 1249 2818 Arvalium
1271 2759 1342 2818 anni
1355 2758 1396 2822 90
1419 2759 1602 2836 adscriptum
1624 2771 1672 2821 est

345 2859 470 2922 Traiani
491 2877 599 2918 nomen
622 2859 745 2934 diesque
765 2858 812 2918 III
833 2858 978 2917 kalendas
1000 2859 1106 2918 Maias.
1150 2859 1288 2936 Denique
1310 2861 1379 2919 anni
1396 2859 1434 2920 99
1458 2862 1668 2922 documentum

345 2970 483 3038 superest
504 2960 542 3016 ad
564 2959 766 3035 quaestionem
790 2958 827 3017 de
849 2959 1058 3018 consulatuum
1080 2961 1136 3019 sub
1158 2960 1333 3020 Domitiano
1355 2968 1489 3038 tempore
1510 2963 1671 3024 diiudican-

345 3061 412 3120 dem
438 3061 525 3139 longe
551 3060 778 3139 gravissimum,
805 3060 951 3120 fastorum
974 3061 1040 3119 dico
1062 3061 1246 3122 Ostiensium
1270 3063 1430 3122 frustulum
1456 3062 1524 3138 (Or.
1545 3063 1670 3124 Henzen

344 3161 450 3238 6446),
473 3162 634 3221 seeundum
656 3179 733 3238 quos
754 3163 893 3222 kalendis
908 3161 1057 3222 IanuerIIs
1071 3163 1202 3223 inierunt
1215 3162 1409 3224 Domitianus
1424 3164 1500 3224 XVI
1515 3174 1545 3224 et
1560 3164 1597 3239 Q.
1610 3166 1669 3225 Vo·
1723 3159 1727 3168 '

342 3264 439 3324 lusIus
465 3261 659 3335 Saturnium,
685 3281 810 3339 quorum
837 3264 886 3322 ille
912 3263 1009 3323 idibus
1034 3265 1183 3324 Ianuariis
1209 3264 1243 3323 L.
1259 3263 1439 3324 Venuleinm
1461 3267 1670 3344 Apronianum

212 3377 215 3384 '
343 3366 402 3425 sibi
424 3366 606 3442 surrogavit:
629 3365 723 3424 secuti
745 3372 816 3424 sunt
836 3365 974 3424 kalendis
996 3365 1085 3424 Maiis
1107 3364 1142 3423 L.
1159 3363 1318 3426 Stertinius
1333 3366 1442 3425 Avitus
1464 3376 1493 3426 et
1507 3367 1555 3426 Ti.
1572 3367 1669 3428 Iulius

343 3467 421 3526 Polo
446 3468 578 3526 Metinus
606 3467 657 3542 (cl.
688 3467 746 3524 tab.
775 3467 844 3524 hon.
874 3468 957 3524 miss.
987 3466 1046 3524 vol.
1066 3466 1130 3537 III,
1150 3465 1246 3542 XV),
1274 3467 1413 3527 kalendis
1443 3467 1668 3545 Septembribus

344 3567 378 3628 0.
401 3568 498 3628 Iulius
520 3565 641 3628 Silanus
669 3565 758 3640 etQ.
782 3566 963 3627 Articuleius
987 3566 1107 3626 Paetus.
1152 3565 1214 3627 Sub
1242 3569 1369 3645 imperio
1389 3569 1480 3645 igitur
1502 3569 1668 3630 Domitiani

342 3671 515 3730 consulatus
543 3669 715 3745 plerumque
744 3668 864 3744 quidem
894 3667 1128 3745 quadrimestres
1158 3667 1293 3740 fuerunt,
1324 3669 1471 3729 interdum
1500 3671 1669 3744 bimestres,

343 3772 380 3830 de
401 3773 498 3846 iisque
520 3770 647 3844 optime,
675 3779 708 3827 ut
729 3768 860 3839 solebat,
886 3768 1028 3826 iudicavit
1049 3767 1243 3844 Borgheaius.
1287 3768 1353 3830 Nec
1373 3771 1471 3831 minus
1491 3781 1571 3831 recte
1591 3771 1668 3833 Ner·

343 3891 397 3930 vae
410 3871 594 3946 Traianique
616 3878 713 3928 aetate
734 3869 858 3926 eandem
880 3867 941 3928 fere
963 3869 1109 3928 rationem
1131 3871 1319 3931 observatum
1341 3889 1407 3931 esse
1430 3872 1543 3946 statuit,
1565 3874 1668 3950 quarn·

342 3990 432 4048 quarn
453 3971 586 4048 regulam
609 3970 693 4029 illam
715 3986 925 4044 nonnunquam
948 3969 1111 4045 neglectam
1134 3989 1202 4030 csse
1224 3991 1296 4031 mox
1318 3972 1495 4033 videbimus.

425 4072 542 4142 Dcite,
563 4070 615 4145 qui
637 4071 692 4128 sub
714 4067 816 4128 Nerva
838 4077 867 4128 et
887 4070 1021 4129 Traiano
1043 4071 1229 4132 consulatum
1251 4083 1416 4150 gesserunt,
1442 4081 1512 4150 post
1532 4073 1668 4152 Borghe-

343 4173 420 4231 sium
449 4171 498 4245 (in
520 4170 606 4230 fastis
628 4169 762 4245 ineditIs)
788 4189 884 4246 nuper
905 4171 1109 4231 Mommsenus
1135 4173 1165 4230 iu
1186 4173 1318 4233 Hermae
1338 4175 1398 4234 vol.
1412 4173 1461 4233 III
1484 4195 1512 4252 p.
1531 4173 1590 4235 1³6
1602 4191 1666 4251 seq.

342 4255 385 4332 ita
405 4272 476 4349 egit,
498 4279 530 4329 ut
550 4288 646 4347 pauca
667 4279 781 4330 tantum
803 4271 979 4348 corrIganda
1000 4273 1061 4332 sint
1081 4274 1281 4332 monumentis
1303 4293 1398 4351 nuper
1420 4275 1545 4334 detectis
1561 4284 1668 4352 postea

341 4374 500 4433 illustrata.
542 4370 587 4432 Ut
611 4372 787 4432 consulatus
816 4374 893 4432 alter
914 4371 985 4434 Sex.
1012 4374 1084 4432 Iulii
1105 4373 1242 4434 FrontIni
1268 4393 1308 4434 ex
1335 4393 1413 4434 auno
1429 4375 1467 4434 97
1491 4376 1531 4434 ad
1556 4395 1666 4436 annum

341 4473 562 4535 transferendus
584 4483 631 4533 est
652 4473 706 4546 98,
728 4492 788 4551 quo
810 4473 954 4534 suffectus
976 4472 1096 4534 Nervae
1117 4475 1256 4535 defuncto
1278 4495 1338 4536 una
1358 4495 1426 4534 curn
1448 4475 1580 4534 Traiano
1602 4479 1666 4536 Au·

340 4587 429 4656 gusto
451 4575 548 4635 fasces
568 4575 665 4652 gessit
685 4574 736 4650 (cI.
758 4575 841 4634 Bull.
861 4575 928 4636 dell’
941 4579 1007 4635 inat.
1026 4577 1105 4636 urolt.
1124 4576 1199 4636 1871
1223 4596 1253 4653 p.
1272 4577 1345 4647 1453
1367 4577 1425 4635 vol.
1441 4575 1491 4634 III
1512 4578 1571 4636 tab.
1594 4578 1665 4636 hon.

340 4679 425 4736 miss.
448 4697 476 4734 n.
492 4676 596 4752 XIX),
617 4676 746 4753 expulso
767 4695 806 4736 ex
827 4695 863 4736 eo
876 4677 952 4735 loco
975 4675 1082 4736 Flavio
1102 4677 1228 4749 Libone,
1250 4695 1339 4754 quem
1359 4677 1440 4736 iufra
1459 4697 1488 4755 p.
1506 4677 1565 4736 196
1587 4697 1616 4737 n.
1633 4675 1665 4752 1)

341 4778 509 4836 videbimus
536 4777 689 4836 edulium
711 4797 820 4836 annum
842 4779 998 4853 pertinere.
1042 4779 1117 4838 Item
1148 4796 1226 4836 anno
1243 4778 1299 4836 101
1329 4795 1480 4838 unacum
1500 4777 1667 4838 Arficuleio

341 4877 436 4937 Paeto
457 4877 646 4938 consulatum
668 4877 893 4938 administrasse
909 4875 981 4938 Sex.
997 4878 1113 4938 Attium
1128 4875 1316 4939 Suburanurn
1338 4887 1407 4938 acta
1419 4879 1579 4938 Arvalium
1599 4879 1666 4938 eius

341 4979 413 5036 anni
437 4978 606 5038 ostendunt.
656 4978 758 5038 Anno
773 4984 872 5037 autem
896 4978 952 5036 107
980 4979 1086 5038 tabula
1110 4980 1254 5039 honestae
1280 4979 1434 5040 missionis
1453 4979 1666 5040 weissenbur-

340 5078 443 5155 gensIs
464 5080 604 5140 consules
625 5078 660 5140 G.
682 5077 837 5138 Misioium
858 5076 1036 5138 Fundanum
1057 5088 1088 5139 et
1109 5077 1144 5140 C.
1158 5081 1351 5140 Vetteunium
1372 5079 1482 5140 Rufum
1504 5073 1667 5140 vindicavit

341 5177 392 5252 (cl.
415 5178 476 5250 ΙΙΙ,
494 5179 613 5250 XXIV3
639 5179 743 5242 ChrIst
763 5177 949 5257 Militcirdipl.
973 5199 1029 5239 uon
1047 5180 1243 5259 Wca'sscnburp
1260 5180 1369 5257 1868),
1391 5182 1443 5259 qui
1463 5189 1563 5242 utrum
1584 5197 1665 5242 anno
