3742 5826
567 516 617 567 nn
636 517 900 570 sunnroronvu
916 517 1022 570 vurta
1040 518 1195 570 r1rvms.
1474 501 1543 572 119

216 698 329 750 certum
354 687 508 764 estquod
533 688 563 746 iu
590 688 655 747 eius
681 689 741 747 fine
766 688 884 748 litterae
912 704 1060 748 ssrrrven
1087 691 1183 750 adhuc
1209 700 1384 767 supersunt3
1412 692 1545 752 secunda

216 809 284 850 cum
311 791 388 849 inter
413 789 468 848 has
496 789 572 848 duas
600 789 690 848 aedes
716 789 797 848 uliud
824 790 991 849 aedilicium
1018 809 1077 850 nou
1103 790 1271 852 interfuerit
1297 792 1421 852 alterius
1447 792 1543 851 utrius

216 890 305 950 suerit
330 907 453 950 necesse
480 899 537 950 est.
579 889 712 950 Litterae
739 898 839 949 autern
862 906 1006 950 esrrrvcn
1032 891 1063 948 in
1088 893 1211 968 zephori
1233 893 1372 952 inferiore
1392 902 1478 970 parte
1499 876 1554 951 in·¹

217 992 298 1049 cisae
317 999 398 1064 sunt,
420 997 573 1068 totamque
586 991 821 1067 inscriptionem,
843 991 927 1050 cuius
945 1011 998 1050 eae
1013 1001 1083 1050 eunt
1096 992 1219 1051 ultimae
1232 992 1359 1066 litterae,
1381 1011 1440 1052 uno
1454 985 1545 1053 rers'u

218 1109 283 1150 esse
305 1093 503 1170 perscriptam
523 1093 686 1151 Henzenus
709 1092 867 1151 intellexit
911 1090 988 1152 (lum
1010 1093 1088 1150 enim
1108 1093 1178 1152 illae
1200 1101 1268 1152 octo
1289 1093 1407 1153 litterae
1428 1103 1544 1170 partem

218 1210 284 1251 eam
310 1193 436 1269 zophori
456 1212 535 1270 quae
556 1199 602 1253 est
624 1210 717 1270 supra
736 1200 903 1252 extremum
924 1192 1185 1252 intercolumnium
1205 1194 1249 1252 ita
1269 1203 1416 1272 occupent
1440 1201 1473 1252 ut
1493 1212 1545 1253 va·

218 1311 304 1351 cuum
325 1294 461 1352 relictum
484 1295 524 1353 sit
544 1294 674 1371 spatium
697 1295 823 1354 duarum
844 1294 1020 1366 litterarum,
1042 1301 1137 1352 totum
1159 1311 1280 1352 versum
1303 1312 1395 1370 supra
1414 1295 1544 1372 quinque

216 1393 445 1454 intercolumnia
471 1395 614 1472 scriptum
642 1401 687 1454 tot
713 1395 775 1453 iere
804 1395 946 1453 habuisse
972 1394 1086 1453 litteras
1114 1394 1282 1454 certissime
1310 1403 1443 1468 constat,
1470 1402 1545 1471 quot

217 1495 339 1552 suntin
360 1515 397 1556 es
417 1497 621 1574 inscriptione.
657 1497 763 1574 ltaque
785 1515 852 1555 cum
874 1495 962 1553 trium
983 1495 1104 1555 illarum
1123 1495 1361 1573 inscriptionum,
1382 1513 1458 1570 quas
1471 1493 1546 1574 Eliu-¹

217 1594 376 1655 siedlensis
397 1600 571 1661 coniunctas
593 1598 693 1670 habet,
718 1597 816 1674 prima
836 1603 932 1654 toturn
953 1597 1120 1674 zophorum
1141 1597 1226 1655 sedis
1247 1605 1316 1654 octo
1337 1595 1544 1670 columnarum

218 1706 352 1773 occupet,
374 1699 462 1758 tertia
482 1700 513 1757 in
535 1699 609 1757 aede
630 1716 707 1774 quse
723 1698 864 1776 proxima
878 1705 924 1756 est
938 1696 1062 1774 zophori
1077 1706 1191 1772 partem
1206 1697 1387 1770 inferiorem,
1409 1696 1545 1773 seqnitur

219 1806 251 1855 ut
276 1799 408 1857 secunda
432 1800 528 1859 incisa
551 1799 641 1858 suerit
666 1801 697 1858 iu
724 1798 857 1858 eiusdem
883 1799 1006 1876 zophori
1031 1806 1116 1874 parte
1138 1797 1300 1874 superiore.
1344 1795 1424 1855 Nam
1445 1815 1543 1872 neque

218 1898 335 1957 videtur
360 1900 438 1958 alius
466 1901 550 1960 locus
576 1901 704 1959 inveniri
729 1917 834 1975 posse,
862 1899 913 1956 ubi
935 1897 1082 1956 eiusmodi
1103 1899 1327 1974 inscriptionem
1348 1897 1442 1956 luisse
1462 1915 1543 1956 com-

218 1999 304 2057 mode
325 2008 450 2074 statuas,
475 2019 530 2060 uec
551 2000 693 2061 credibile
714 2010 761 2058 est
781 1999 905 2076 zophori
927 1999 1054 2056 alicuius
1076 2015 1143 2057 esse
1164 1998 1337 2074 inscriptam
1360 2007 1475 2074 purtem
1498 1998 1543 2054 in·

217 2099 366 2172 seriorem,
390 2120 512 2160 vacuam
533 2102 670 2161 relictam
693 2100 886 2179 superiorein.
928 2099 1042 2159 Aedem
1063 2099 1154 2174 igitur
1174 2098 1259 2156 cuius
1281 2117 1360 2156 nunc
1382 2105 1545 2173 supersunt

218 2209 279 2260 tres
301 2201 457 2261 columnae
478 2209 604 2280 apparet
625 2204 719 2262 visam
741 2219 809 2262 esse
831 2201 869 2260 ab
890 2198 1096 2258 Eiusiedlensi
1118 2199 1163 2256 sic
1183 2199 1373 2275 inscriptam:

518 2336 595 2380 DIVO
610 2351 617 2366 ·
633 2335 825 2380 VESPASlANO
840 2349 848 2364 ·
863 2331 1014 2378 Avovsro
1029 2347 1036 2362 ·
1053 2331 1068 2376 S
1084 2346 1091 2360 ·
1107 2334 1123 2374 Ρ
1138 2345 1145 2361 ·
1163 2333 1209 2388 Q:
1223 2335 1242 2374 R

290 2437 360 2480 tntrt’
371 2450 382 2472 -·
397 2435 489 2482 CAESS
504 2451 512 2466 ⁰
528 2437 659 2482 SEVERVS
674 2452 681 2468 ·
698 2439 752 2482 st·
768 2434 956 2481 auroutuvs
972 2447 980 2464 ·
995 2435 1031 2476 Pll
1047 2447 1055 2464 ·
1070 2433 1152 2476 ssttc
1167 2447 1175 2460 ·
1188 2432 1267 2486 svor
1282 2445 1290 2460 ·
1347 2431 1474 2475 s'rtrvstt

219 2538 266 2596 lta
286 2540 404 2598 videtur
428 2541 652 2616 comprobatum
678 2557 746 2600 esse
767 2539 862 2599 inisse
883 2539 960 2597 hanc
982 2537 1085 2596 aedem
1100 2534 1290 2612 Vespasiani.
1334 2532 1423 2607 Quod
1445 2533 1472 2592 si
1494 2551 1542 2592 ve-

218 2660 282 2699 rum
304 2648 351 2701 est
373 2641 462 2701 simul
483 2642 674 2720 exploratum
695 2650 743 2702 est
763 2642 886 2700 alteram
907 2649 976 2698 octo
997 2637 1202 2698 columnarum
1223 2636 1317 2696 fuisse
1338 2632 1470 2696 Saturni.

778 2831 981 2842 ——-—--

865 2988 894 3046 2.

299 3097 449 3168 Grimaldi
475 3108 506 3167 in
528 3108 630 3168 codice
644 3108 791 3166 Vaticano
807 3105 887 3166 6438
910 3125 939 3182 p.
956 3105 1037 3166 4οΒ
1063 3105 1136 3164 haec
1158 3102 1276 3162 scribit:
1290 3144 1293 3149 -
1306 3099 1411 3172 Questo
1432 3115 1484 3158 era
1503 3117 1542 3158 ac

215 3227 291 3284 pron
308 3189 394 3285 perso
417 3213 448 3268 dt
467 3229 575 3268 nermo
597 3227 650 3270 eon
671 3210 767 3267 lettere
788 3209 875 3283 quari
895 3207 1029 3276 cubitali,
1058 3213 1159 3265 eccam
1187 3202 1283 3261 Panno
1302 3201 1382 3260 1612
1402 3199 1449 3258 net
1468 3217 1542 3258 mese

217 3311 248 3366 dt
267 3311 370 3369 Marso
391 3312 470 3370 nella
491 3311 586 3370 chiesa
606 3311 639 3367 di
660 3309 753 3368 Sento
774 3307 877 3365 Maria
897 3325 973 3364 novo
999 3305 1059 3380 [est
1080 3302 1232 3363 aedes.sd
1253 3302 1350 3359 iorum
1371 3300 1541 3358 Romanum

216 3410 283 3481 sita,
305 3431 382 3488 quae
403 3431 480 3471 nunc
495 3411 584 3486 vulgo
607 3411 715 3469 dicitur
730 3406 761 3468 S.
775 3407 954 3466 Franciscse
968 3403 1134 3477 Romanae]
1158 3402 1352 3477 dissecandosi
1373 3399 1399 3456 le
1412 3398 1541 3473 cappello

213 3530 267 3586 per
286 3513 391 3588 rrJorle
411 3518 441 3570 in
461 3513 576 3588 miplior
589 3514 700 3588 forata,
723 3517 749 3566 et
762 3509 802 3584 fir
822 3516 931 3565 trovato
952 3505 1022 3563 nelli
1035 3505 1216 3578 fundamenti
1237 3503 1269 3559 di
1289 3501 1362 3558 detto
1378 3496 1540 3572 cappelled

216 3631 298 3670 mono
326 3615 426 3672 dirittc
452 3614 605 3683 ernaudo,
631 3611 722 3668 dmtde
747 3612 774 3666 si
796 3611 855 3684 pud
882 3609 1069 3665 conictturare
1094 3603 1144 3662 cite
1170 3605 1291 3660 semisse
1312 3610 1338 3659 et
1352 3601 1437 3676 fitero
1451 3597 1539 3671 scap-

215 3725 303 3774 mento
325 3717 357 3774 di
375 3735 415 3773 un
435 3715 597 3774 architraoe
619 3713 666 3770 dcl
682 3711 796 3786 portico
817 3707 864 3765 dcl
884 3709 984 3782 tetupio
1006 3705 1084 3764 delia
1106 3703 1197 3761 Pace:
1210 3701 1240 3776 ¹)

746 3825 980 3885 srasrauii

746 3941 1008 3986 mutunus-reru

744 4078 860 4122 BVERVS
874 4092 882 4106 ·
898 4077 935 4120 ΕΤ
947 4089 955 4104 ·
967 4076 1009 4118 ΑΝ

215 4187 357 4249 Eiusdem
384 4186 517 4266 epistylii
539 4187 656 4246 ridetur
682 4182 776 4242 inisse
800 4198 872 4259 pars
900 4180 937 4238 de
964 4196 1025 4256 qua
1051 4177 1135 4236 solus
1160 4181 1286 4236 testatur
1306 4169 1482 4230 Marliauius
1506 4168 1540 4228 in

215 4289 430 4368 topographice
453 4287 534 4347 urbis
548 4288 664 4347 Romae
684 4283 816 4342 editione
836 4281 916 4340 sacta
937 4278 1061 4338 alost
1082 4276 1197 4336 Romae
1218 4293 1273 4350 per
1286 4271 1453 4331 Antonium
1468 4269 1538 4327 Bla-

214 4389 286 4448 dom
306 4390 358 4449 lib.
373 4389 406 4448 11
427 4408 492 4466 cap.
506 4388 554 4446 IV
574 4390 622 4448 his
644 4385 758 4468 verbis:
783 4380 880 4441 'Hanc
901 4380 1005 4440 cedem
1027 4376 1149 4438 Saturni
1170 4375 1297 4434 dicimus
1318 4372 1448 4448 positam
1469 4384 1540 4427 esse

212 4485 258 4549 ‘eo
284 4491 315 4548 in
341 4491 424 4562 loco,
452 4491 502 4549 ubi
528 4489 631 4567 paucis
658 4497 727 4547 ante
752 4484 839 4544 annis
867 4482 965 4540 iuerat
990 4497 1058 4538 cum
1079 4477 1154 4536 turri
1175 4473 1319 4534 sacellum
1341 4473 1538 4545 cognomento

213 4587 253 4650 ‘S.
270 4588 435 4651 Salvatoris
456 4590 488 4648 in
509 4590 649 4662 Aerario,
667 4588 843 4648 incumbens
864 4583 1007 4662 hospitali
1030 4578 1062 4640 S.
1076 4576 1189 4636 Mariae
1209 4575 1241 4632 in
1262 4571 1393 4631 Porticn.
1430 4565 1537 4625 Turris

295 4781 320 4844 ¹)
348 4781 465 4832 Eandem
485 4780 678 4846 inscriptionem
697 4777 821 4828 exhibent
838 4776 877 4826 ui.
895 4773 1012 4825 Milesius
1030 4771 1058 4820 in
1077 4767 1166 4820 codice
1183 4758 1343 4814 Ferraricnsi
1362 4759 1387 4816 1,
1401 4755 1469 4815 ³44,
1493 4754 1538 4818 qui

215 4872 278 4923 dicit
295 4887 351 4924 esse
368 4873 460 4924 litteris
478 4871 619 4922 maioribus
637 4875 766 4934 repertam
783 4868 811 4918 in
831 4864 938 4916 ecclesis
955 4865 983 4916 S.
996 4861 1097 4913 urenae
1108 4858 1200 4910 Novae
1216 4863 1298 4917 pr⁰l²⁰
1316 4847 1440 4911 timi)lum
1451 4844 1536 4906 Psscifln

215 4971 241 5014 et
257 4963 367 5014 schedae
379 4963 461 5014 Donii
478 4964 505 5013 in
518 4963 608 5014 codice
619 4959 806 5012 Maracelliano
825 4957 851 5008 Δ
865 4955 919 5007 293
938 4971 963 5019 p.
979 4953 1031 5004 213
1051 4951 1094 5016 qui
1112 4947 1176 4998 dicit
1187 4956 1243 4994 esse
1255 4938 1410 5002 descriptam
1429 4950 1453 4986 a
1465 4934 1536 4985 1613

214 5057 242 5105 in
260 5056 352 5105 veteris
375 5054 486 5120 epistylii
509 5053 653 5118 irmmeuto
674 5057 734 5101 ante
751 5049 874 5114 templum
892 5045 968 5098 Pacis
987 5045 1093 5096 iacente.
1130 5033 1258 5100 Exempla
1275 5027 1389 5096 paullum
1407 5026 1536 5086 merant,

215 5145 242 5198 iu
261 5162 285 5198 r.
300 5149 313 5196 1
333 5155 449 5198 erasmo
468 5145 570 5198 Durius
588 5149 656 5196 recte
674 5147 703 5193 ut
720 5140 813 5208 opinor
831 5138 909 5190 babet
927 5126 987 5184 NIS.
