3712 5838
729 555 996 613 msounnnm
1285 621 1293 637 ,
1451 546 1523 618 219

197 742 237 800 ed
263 739 367 802 eedem
384 740 489 801 Dives
503 741 650 820 Virginis,
676 747 726 806 oui
747 745 901 824 Peungioe
922 748 1122 826 pyrgiotissue
1143 767 1252 811 nomeu
1274 761 1334 823 est,
1360 767 1456 832 nuper
1476 755 1526 816 de·

199 843 343 918 seriptum
369 853 399 902 et
423 861 537 904 meeum
560 846 809 906 communicatum
832 865 850 906 e
871 844 1009 908 Gustevo
1030 849 1205 910 Hirschfeld
1226 851 1275 910 hie
1294 869 1461 931 proponere
1482 857 1526 914 vi·

197 961 264 1005 sum
286 950 341 1002 est.

458 1049 861 1099 uonmouuuusuoururso
1100 1021 1287 1158 ft

456 1026 1261 1236 nosnos-mttsotdsstQjuuinton

457 1250 1099 1298 xsmuerrorrmrmou·murosrsetsnor

393 1363 396 1368 ·
458 1350 1222 1398 ueremursou-senuneuosnrrorsonmrtssrrsru

402 1454 414 1492 ι
457 1449 1259 1498 τοεκΑιΑτιιΝοοετιιετατιτιτειιογτΛΑνιιιογκΑιτΑτοτ

457 1533 1123 1600 seesmousrnunu-uonoromnuorszorou

456 1649 1171 1696 roussuroueusrrsrnuexrourmnususenxsrr

201 1785 289 1862 Quod
311 1797 436 1848 exeunte
458 1808 485 1846 v.
503 1787 521 1846 i
542 1789 651 1864 legitur
673 1778 741 1865 ll[ai
764 1783 1033 1865 responsuros,
1056 1789 1094 1848 ed
1115 1790 1204 1848 finem
1227 1808 1254 1847 r.
1273 1792 1288 1848 1
1311 1793 1525 1854 restituendum

197 1907 267 1948 esse
299 1889 430 1949 ostendit
460 1887 579 1947 titulum
611 1880 820 1972 rprrssrorsrr,
853 1907 914 1967 quo
941 1907 1007 1948 rum
1035 1907 1097 1948 nou
1123 1889 1214 1965 plene
1240 1891 1399 1966 explentur
1426 1896 1525 1956 hirtus

198 1990 230 2048 iu
250 1990 310 2048 r.l
340 1989 460 2058 obrius,
486 1990 589 2049 neseio
616 2007 655 2049 an
680 1989 856 2049 consulatus
881 1990 923 2048 ihi
951 1989 1101 2050 iudieetus
1126 1992 1216 2052 luerit
1241 1993 1460 2074 legendumque
1486 1997 1551 2056 sit·

199 2081 314 2147 ὕπατον.
358 2089 472 2148 Fusoes
499 2089 595 2167 gessit
619 2089 753 2166 Regulus
781 2107 859 2150 nuno
881 2090 937 2160 31,
963 2109 1041 2148 euno
1068 2099 1166 2150 eutem
1189 2092 1228 2152 36
1255 2092 1373 2169 legetus
1395 2095 1523 2173 Augusti

197 2211 243 2268 pr.
264 2210 309 2268 pr.
331 2192 442 2250 missus
465 2190 570 2249 ested
591 2190 737 2266 regendus
760 2191 931 2276 proviueiss
952 2191 1100 2250 Aeheiem
1122 2199 1152 2251 et
1170 2192 1374 2253 Macedonium
1397 2201 1427 2253 et
1441 2196 1525 2256 Moe-

199 2292 288 2362 siem,
310 2290 419 2368 quibus
439 2309 493 2368 per
514 2297 611 2350 totum
634 2289 705 2351 Geii
725 2291 882 2368 imperium
905 2297 935 2350 et
955 2291 1060 2368 primis
1083 2293 1172 2351 etiem
1194 2290 1315 2353 claudii
1335 2295 1422 2354 suuis
1444 2296 1526 2354 vide·

198 2401 246 2451 tur
266 2392 434 2469 praefuisse
455 2390 506 2467 (oi.
528 2390 698 2469 Hertrherg
717 2390 818 2452 osset.
837 2391 997 2452 Griseleul.
1012 2391 1044 2450 II
1065 2411 1095 2468 p.
1111 2392 1130 2451 8
1153 2398 1184 2450 et
1205 2392 1415 2471 Dittenherger
1435 2395 1456 2453 l.
1472 2395 1524 2470 e.).

199 2491 268 2552 Fuit
288 2491 379 2568 igitur
399 2492 517 2570 legatus
539 2494 746 2568 Augustorum
768 2493 874 2563 tuum,
895 2510 963 2551 oum
986 2491 1044 2552 hoo
1066 2493 1152 2552 titulo
1174 2509 1233 2552 uon
1255 2495 1444 2554 enuntientur
1465 2496 1526 2556 uisi

197 2593 258 2650 duo
283 2592 335 2667 qui
362 2601 432 2650 suut
453 2592 595 2652 Tiberius
617 2591 733 2653 causer
758 2594 914 2670 Augustus
940 2601 970 2650 et
992 2591 1133 2652 Tiberius
1156 2591 1301 2654 Claudius
1323 2592 1438 2655 Onessr
1462 2597 1525 2654 Au·

198 2698 306 2770 gustus
327 2690 534 2752 Germenious.
578 2693 615 2753 ld
639 2693 721 2769 quod
742 2712 815 2752 esve
835 2711 873 2753 eo
894 2693 1022 2764 referes,
1052 2693 1134 2771 quod
1154 2693 1289 2771 Regulus
1311 2713 1331 2752 s
1351 2692 1430 2754 Gaio
1452 2692 1527 2754 Gne·

197 2810 267 2851 sure
288 2792 414 2852 Romam
435 2803 560 2854 rocetos
582 2793 621 2852 ud
641 2792 773 2853 Lollium
793 2811 918 2853 uxorem
934 2792 1058 2854 Ceessri
1080 2793 1324 2872 despondendsm
1345 2791 1443 2869 (Suet.
1459 2792 1525 2855 (lul.

198 2893 253 2964 253
281 2891 341 2953 Dio
362 2895 416 2954 59.
434 2893 486 2970 lt)
514 2904 585 2971 post
609 2894 699 2954 huius
727 2894 846 2956 demum
872 2903 997 2954 mortem
1023 2894 1054 2954 iu
1080 2894 1265 2973 provinciam
1292 2895 1426 2968 redierit,
1456 2914 1526 2955 nour

195 3013 275 3054 suno
302 3003 382 3054 uerte
410 2994 450 3053 40
482 2995 513 3053 iu
543 2994 673 3055 Graecis
700 3015 768 3055 eum
797 3003 1013 3055 commoratum
1042 3013 1107 3054 esse
1135 3013 1175 3055 ex
1203 2995 1242 3056 iis
1270 2995 1422 3074 colligitur
1449 3014 1527 3072 quse

197 3105 300 3155 namt
316 3095 467 3171 losephus
489 3094 541 3171 (A.
557 3097 585 3154 I.
603 3095 651 3167 19,
670 3097 696 3166 1,
715 3096 755 3171 l).
793 3097 889 3156 immo
910 3113 1018 3155 nomeu
1038 3096 1163 3172 pessimi
1184 3097 1373 3171 imperatoris
1388 3097 1526 3156 consulto

196 3195 389 3273 praeteritum
410 3205 466 3256 est.
486 3227 528 3241 —
553 3195 636 3255 Note
656 3203 812 3272 praetereo
833 3195 982 3271 Regulum
1003 3195 1169 3273 nunonpuri
1190 3185 1371 3277 πρεσβευτὴν
1392 3187 1526 3276 Τιβερίου

197 3290 341 3378 Καίσαρος
369 3287 529 3359 Σεβαστοῦ
554 3286 602 3354 καὶ
631 3285 870 3379 ἀντιστράτηγον,
904 3295 996 3354 verbo
1021 3303 1121 3352 sutem
1148 3282 1196 3351 seui
1223 3285 1355 3376 Τιβερίου
1381 3286 1527 3351 Κλαυδίου

196 3391 340 3483 Καῖταροι
360 3389 522 3461 {edormi
547 3397 708 3474 subsequi,
734 3413 802 3455 oum
827 3395 989 3455 inserendo
1013 3403 1114 3453 esseut
1138 3401 1207 3452 ente
1234 3409 1272 3452 en
1290 3409 1368 3470 quse
1389 3402 1459 3452 sunt
1478 3382 1528 3450 uui

197 3488 431 3581 ἀντιστράτηγον.
453 3533 491 3544 -
528 3496 665 3558 Statuam
693 3495 803 3574 Reguli
830 3496 868 3555 de
896 3512 951 3555 suo
977 3493 1128 3554 dediosvit
1154 3491 1203 3552 Ti.
1233 3489 1380 3553 Claudius
1407 3491 1526 3552 Novius

197 3599 311 3659 Philini
331 3599 428 3668 tilius,
450 3598 534 3657 euius
556 3597 643 3673 plure
664 3604 857 3656 monuments
877 3601 1049 3673 supersunt.
1091 3594 1141 3653 De
1162 3611 1198 3652 eo
1220 3593 1274 3667 qui
1294 3609 1391 3670 nuper
1411 3592 1474 3670 egit
1493 3592 1526 3650 iu

199 3699 330 3760 Her-mse
351 3699 445 3759 volt
467 3718 495 3776 p.
512 3697 669 3774 4ldseqq.
691 3695 888 3757 Neuhuuerus
907 3697 939 3754 iu
960 3713 997 3756 eo
1019 3693 1137 3754 videtur
1156 3693 1314 3764 erravisse,
1339 3691 1422 3767 quod
1442 3701 1528 3768 putet

199 3799 330 3861 Novium
356 3798 451 3859 inisse
472 3799 587 3876 origiue
607 3798 777 3858 Romanum
798 3806 905 3875 postes
924 3795 1074 3855 oiritetem
1095 3801 1214 3854 neotum
1234 3791 1373 3852 Athenis.
1417 3789 1527 3866 Quem·

198 3903 244 3961 ris
266 3900 345 3960 euim
367 3899 512 3977 originem
527 3898 664 3958 Itelioem
684 3897 816 3959 iudienre
829 3897 967 3958 videntur
988 3913 1096 3956 nomen
1115 3893 1195 3972 quod
1209 3899 1257 3952 est
1269 3892 1388 3962 Nouius,
1410 3899 1526 3968 putrem

198 4001 349 4062 Grseoum
380 4000 476 4059 tuisse
500 3999 614 4059 Philini
645 4014 755 4058 nomeu
785 3998 932 4068 ostendit,
964 3996 1060 4058 tilium
1091 4002 1191 4054 nutem
1223 3992 1343 4054 demum
1374 3991 1525 4052 civitatem

199 4102 365 4161 Romam
391 4097 557 4161 aclaudio
581 4099 760 4178 imperstore
781 4099 932 4175 soeepisse
953 4113 1136 4174 praenomen
1157 4095 1222 4156 eius
1242 4109 1411 4170 nomenque
1432 4093 1527 4154 meoi-

199 4203 276 4262 iesto
298 4201 510 4262 demonstrent.

1268 4328 1318 4388 W.
1340 4325 1482 4386 Hersen.
