3736 5822
359 497 408 568 14
883 510 1157 562 annmarmara
1588 515 1682 564 ur-ar

357 687 398 747 tt
420 687 496 748 cista
517 705 605 745 aerea
625 703 720 762 nuper
740 685 903 743 Praeneste
924 692 1053 760 reperta,
1074 701 1154 741 nunc
1175 680 1290 741 Romae
1312 681 1391 759 apud
1413 683 1637 743 Martinettium.

480 1590 618 1668 Iuppiter
649 1586 773 1664 (tovos)
805 1586 836 1646 in
868 1587 945 1646 solio
976 1587 1086 1647 sedens
1118 1589 1242 1648 sinistra
1272 1590 1386 1650 fulmen
1418 1599 1514 1663 tenet,
1547 1590 1683 1650 dextram

439 1691 566 1769 imponit
591 1707 694 1749 nmero
719 1689 843 1748 Iunonis
873 1687 1004 1766 (tvnc),
1033 1707 1110 1764 quaa
1137 1691 1223 1749 iuxta
1250 1710 1317 1749 eum
1346 1700 1414 1750 stat.
1457 1692 1505 1751 Ab
1533 1693 1571 1751 iis
1600 1711 1684 1751 aver·

440 1810 493 1852 sus
520 1793 619 1851 adstat
639 1791 804 1850 Mercurius
826 1788 1007 1865 (naacvars)
1030 1791 1125 1850 oculis
1147 1790 1185 1850 ad
1207 1791 1359 1864 dextram,
1386 1794 1517 1852 tortasse
1537 1793 1569 1850 in
1589 1793 1684 1871 Apol-

440 1892 547 1964 linem,
579 1892 736 1964 coniectia‚
769 1891 876 1949 dextra
907 1891 1069 1950 caduceum
1081 1891 1123 1968 (i)
1153 1899 1268 1950 muers.
1318 1893 1408 1952 quta
1439 1903 1498 1953 stat
1527 1893 1685 1964 Hercules,

440 1995 527 2054 cniaa
552 2013 661 2054 nomeu
683 2000 784 2070 potest
805 1993 860 2052 sub
882 1993 1017 2069 robigine
1037 1993 1145 2065 latere,
1172 1993 1252 2069 pelle
1273 1995 1395 2054 leonina
1415 1995 1542 2053 amictus
1562 1994 1684 2052 etitem

440 2095 480 2154 ad
508 2096 644 2155 dextram
671 2111 843 2154 conversas.
886 2093 936 2152 Ad
963 2113 1031 2153 eum
1054 2093 1175 2170 respicit
1200 2094 1313 2170 Apollo
1340 2094 1484 2172 (arcto),
1512 2096 1565 2154 sed
1591 2095 1683 2154 disce-

439 2197 486 2256 dit
512 2205 662 2272 tamquam
689 2197 800 2266 iratus;
831 2195 939 2252 dextra
966 2202 1047 2254 tenet
1072 2195 1190 2252 laurum
1219 2213 1344 2270 eamque
1372 2195 1521 2254 Hercules
1550 2202 1683 2271 prensat.

439 2294 542 2354 Liberi
570 2295 707 2370 (carana)
739 2294 870 2364 barbati,
903 2295 955 2369 qui
980 2294 1138 2371 proximus
1166 2301 1228 2365 est,
1260 2294 1355 2352 iacies
1385 2312 1530 2371 expressa
1558 2304 1606 2354 est
1633 2295 1684 2352 ad-

440 2412 541 2467 versa,
568 2395 686 2453 videtur
711 2404 809 2452 autem
837 2411 913 2469 qnae
939 2395 1016 2452 fiunt
1040 2412 1100 2452 non
1126 2394 1287 2452 attendere.
1329 2394 1420 2452 iuxta
1446 2413 1515 2453 eum
1536 2404 1584 2453 est
1605 2395 1684 2456 vitis.

441 2495 559 2555 Deinde
583 2495 719 2554 Victoria
749 2493 938 2569 (vtcroara)
975 2494 1114 2553 manibus
1146 2501 1255 2552 tractat
1286 2493 1395 2552 lineam
1427 2514 1446 2552 a
1476 2513 1536 2570 qua
1570 2496 1685 2572 globuli

441 2593 668 2676 (margaritaei)
694 2595 758 2671 apti
784 2603 866 2666 sunt3
896 2595 983 2652 iuxta
1006 2595 1088 2652 humi
1114 2595 1213 2653 iacent
1238 2595 1362 2669 clupeus
1388 2602 1418 2654 et
1441 2596 1538 2672 galea.
1584 2597 1685 2673 Prope

440 2706 488 2758 cst
512 2697 648 2756 Minerva
673 2693 856 2771 (menerva)
883 2695 981 2771 capito
1006 2695 1103 2767 nudo,
1135 2712 1260 2772 corpore
1288 2695 1449 2769 inclinato,
1482 2697 1520 2754 ad
1548 2697 1685 2756 dextram

440 2815 601 2869 conversa,
633 2815 756 2855 manum
787 2797 924 2854 dextram
955 2797 1112 2874 imponens
1143 2797 1189 2854 ori
1215 2796 1321 2855 Martis
1347 2796 1477 2873 (naas).
1526 2797 1558 2856 Is
1591 2799 1684 2857 multo

440 2898 554 2958 minore
582 2897 703 2956 modulo
727 2914 892 2974 expressus
919 2915 1008 2972 quam
1034 2897 1125 2956 ceteri
1151 2897 1272 2956 sinistra
1299 2907 1380 2956 tenet
1400 2899 1552 2976 clupeum,
1579 2899 1686 2957 dextra

440 3000 548 3076 proicit
567 2999 702 3070 hastam,
730 2997 855 3073 genibus
876 2998 983 3074 positis
1005 2998 1038 3056 in
1058 2999 1193 3074 margine
1214 2999 1294 3058 vasis
1316 3001 1417 3076 magni
1438 3000 1545 3059 crateri
1566 2998 1683 3058 similis.

418 3099 525 3159 ·Intra
546 3101 627 3176 quod
647 3117 724 3176 quae
744 3098 924 3158 exhibentur
944 3099 1041 3158 lineae
1063 3101 1169 3159 mirum
1191 3099 1223 3158 iu
1244 3101 1366 3159 modum
1387 3101 1516 3161 inflexae
1537 3101 1610 3177 quid
1627 3101 1685 3160 sibi

440 3201 543 3274 velint,
566 3220 627 3259 non
647 3200 838 3276 intellegitur.
876 3199 961 3259 Pone
975 3201 1143 3259 Minervam
1158 3201 1240 3259 volat
1261 3203 1387 3277 parvula
1396 3200 1532 3262 Victoria
1545 3202 1684 3274 taeniam,

440 3319 530 3378 qaam
558 3301 695 3360 manibus
721 3309 817 3374 tenet,
845 3302 936 3377 capiti
963 3301 1027 3361 eiua
1056 3301 1243 3378 impositura.
1285 3302 1461 3362 Postremae
1489 3311 1559 3362 sunt
1583 3300 1685 3361 Diana

442 3401 565 3479 (urana)
592 3403 720 3462 adversa
744 3403 821 3461 iacis
846 3411 877 3461 et
904 3402 1016 3474 otiosa,
1044 3412 1074 3462 et
1099 3402 1233 3462 Fortuna
1254 3403 1428 3479 (roarvrm)
1454 3404 1554 3481 amplo
1575 3404 1685 3462 vestitu

440 3503 480 3562 ad
502 3504 654 3563 sinistram
676 3522 837 3576 conversa3
859 3503 967 3563 dextra
987 3504 1053 3563 eius
1075 3514 1193 3581 sceptro
1214 3505 1361 3564 innititur.
1376 3537 1414 3549 —
1436 3506 1475 3563 In
1489 3506 1583 3564 limite
1597 3523 1684 3582 supe·

442 3605 522 3664 riore
542 3613 660 3682 praeter
681 3605 741 3662 alia
762 3615 937 3664 ornamenta
959 3603 1082 3664 Cerberi
1103 3605 1200 3663 forma
1220 3605 1299 3666 iacta
1320 3615 1376 3664 est

358 3738 444 3799 Cisra
465 3739 611 3814 singulari
632 3748 806 3812 argumento
829 3738 910 3814 quod
931 3739 1058 3796 incisum
1080 3746 1126 3796 cst
1147 3745 1177 3796 ct
1198 3737 1367 3796 nominibus
1381 3737 1541 3812 adscriptis
1556 3738 1683 3816 insignis

357 3857 424 3898 cum
445 3838 581 3915 robigine
602 3837 792 3896 vehementer
813 3843 950 3912 correpta
971 3845 1059 3908 esset,
1082 3836 1141 3894 iam
1159 3837 1202 3894 ita
1222 3846 1270 3894 est
1291 3837 1460 3910 emundata,
1482 3846 1515 3895 ut
1536 3857 1613 3915 quae
1632 3858 1685 3898 ex-

357 3955 465 4016 pressa
485 3946 555 4014 aunt
575 3937 649 3996 satis
671 3955 836 4014 agnoscere
856 3936 987 4011 potuerit
1007 3935 1176 4012 Helbigius,
1199 3955 1381 4014 quamquam
1401 3938 1534 3998 fortasse
1555 3939 1685 4000 minores

357 4038 504 4117 quaedam
525 4055 573 4097 rea
595 4037 691 4096 adhuc
711 4037 813 4097 latent
850 4037 983 4097 Nomina
1003 4045 1140 4096 accurate
1161 4040 1453 4114 repraesentavimus
1475 4058 1567 4117 supra
1588 4047 1618 4099 et
1637 4061 1684 4100 ar·

357 4149 530 4216 gementum
551 4139 754 4197 enarravimus
776 4157 796 4197 a
815 4139 922 4198 dextra
942 4139 1136 4215 procedentes
1151 4139 1190 4198 ad
1204 4139 1367 4200 sinistram.
1402 4141 1684 4217 Interpretationem

357 4241 401 4299 rei
426 4246 529 4316 gestae
554 4239 591 4297 ab
618 4239 732 4297 artifice
757 4257 921 4317 expressae
946 4239 1131 4320 probabilem
1156 4258 1189 4300 se
1213 4259 1274 4300 uon
1295 4243 1463 4319 repperisse
1485 4243 1589 4302 scribit
1609 4242 1684 4300 Hel·

356 4340 466 4418 bigius,
488 4341 535 4399 cui
557 4340 630 4398 baec
652 4341 752 4399 omnia
773 4342 923 4401 debemus.

358 4546 405 4606 22
426 4548 458 4610 in
479 4547 602 4624 speculo
624 4547 790 4609 Praeneste
811 4568 890 4627 rep.;
911 4551 1068 4627 possident
1087 4550 1245 4611 Pasinatii.
1326 4529 1333 4541 .

625 4682 705 4725 rests
876 4685 948 4726 ΔΙΔΧ
1076 4686 1241 4730 Alcvmena

576 4766 664 4817 semina
674 4777 745 4818 paene
855 4769 890 4808 air
902 4779 967 4809 arma
1112 4769 1199 4819 semina
1373 4770 1457 4812 ditmar

586 4849 653 4899 nuda
667 4849 738 4890 airam
865 4851 957 4892 indam
1103 4862 1150 4893 ram
1164 4855 1213 4904 tyra

586 4933 694 4973 adiurans
709 4935 745 4984 par·
1101 4939 1122 4976 et
1133 4938 1217 4986 plectro

589 5025 655 5056 arma
668 5015 740 5056 induit

350 5113 396 5180 R·
419 5113 556 5178 Schoene
578 5116 630 5193 qui
650 5115 726 5176 vidit
747 5135 815 5177 ann.
838 5117 908 5177 inst.
931 5119 1011 5186 arch.
1035 5117 1115 5178 1870
1137 5139 1166 5197 p.
1183 5120 1240 5180 351
1256 5136 1301 5195 aq.
1323 5120 1384 5178 tab.
1400 5117 1518 5177 XXIV.
1535 5117 1635 5177 XXV.
