3712 5838
326 566 399 640 230
925 575 1069 630 JORDAN
1097 575 1103 590 “

328 778 389 819 101
404 775 495 834 posse
517 761 652 830 apparet,
674 749 785 827 quippe
806 768 896 826 quem
917 755 947 807 et
960 748 1077 807 Plinius
1098 747 1176 806 idem
1199 743 1333 823 (7,140)
1357 749 1492 822 optimum
1514 753 1655 804 oratorem

328 869 414 918 rocet
435 869 464 914 et
484 856 579 913 fuisse
600 851 650 910 alii
672 861 828 910 testentur.
870 849 1018 908 dedicavit
1038 849 1129 926 igitur
1150 847 1228 924 Opis
1251 847 1383 922 opiferae
1405 845 1510 904 aedem
1530 845 1566 903 L.
1589 845 1653 904 Me·

321 931 419 1019 'tellus
447 958 537 1027 alter,
565 972 654 1030 quem
675 950 819 1010 Bardtius
846 949 889 1026 (p.
914 950 930 1006 7
954 947 994 1025 1.)
1021 950 1099 1008 11161
1126 966 1221 1007 11101
1249 947 1305 1006 631
1334 955 1365 1004 01
1393 947 1454 1005 640
1480 943 1654 1022 pontificem

328 1040 493 1120 maximum
513 1056 624 1114 factum
646 1070 713 1111 esse
739 1061 769 1110 et
789 1051 957 1110 decessisse
978 1049 1057 1108 circa
1078 1067 1105 1106 a.
1129 1048 1189 1108 654
1212 1049 1438 1106 demonstravit.
1481 1055 1586 1105 notum
1607 1059 1655 1104 est

330 1158 456 1220 eundem
471 1155 608 1216 Castoris
630 1153 733 1212 aedem
755 1150 904 1210 adfurum
926 1151 962 1208 de
977 1149 1116 1208 manibiis
1131 1148 1307 1207 Delmaticis
1330 1147 1537 1223 (triumphavit
1555 1159 1654 1206 autem

331 1261 365 1319 de
379 1261 536 1318 Delmatcts
551 1274 578 1313 a.
594 1254 667 1330 837)
690 1253 833 1312 refectam
854 1251 1011 1309 dedicasse
1034 1248 1111 1326 (Cic.
1126 1249 1156 1308 in
1172 1248 1260 1308 Verr.
1278 1250 1305 1321 1,
1321 1249 1370 1318 59,
1395 1249 1454 1306 154
1468 1265 1523 1323 pro
1539 1245 1655 1307 Scauro

330 1362 370 1420 46
393 1379 459 1418 cum
482 1356 605 1416 scholiis
627 1353 775 1430 Asconii).
807 1370 884 1427 quae
905 1369 954 1410 res
975 1351 1077 1410 nescio
1100 1368 1138 1406 au
1161 1350 1287 1408 alicuius
1305 1349 1448 1407 momenti
1470 1366 1536 1406 esse
1558 1349 1656 1423 possit

331 1463 370 1520 ad
391 1457 590 1535 indagandam
606 1453 748 1530 Opiferae
769 1451 852 1510 aedis
875 1451 913 1509 ab
934 1451 1038 1509 eodem
1060 1470 1080 1509 a
1101 1449 1177 1523 solo,
1199 1458 1233 1508 ut
1245 1449 1422 1525 putaverim,
1443 1449 1539 1507 factae
1554 1448 1655 1508 sedem

331 1559 540 1640 indagandam.
584 1562 701 1613 constat
721 1553 865 1612 Iuturnae
890 1553 1149 1628 nympharumqne
1170 1557 1272 1626 partes
1293 1540 1438 1625 quasdam
1467 1567 1535 1609 esse
1557 1550 1588 1608 in
1609 1549 1654 1608 iu·

331 1661 429 1722 vando
461 1657 617 1718 mulierum
644 1660 732 1730 partu
762 1654 975 1728 Iuturnamque
1007 1671 1027 1710 a
1051 1651 1187 1710 Varrone
1218 1669 1237 1709 a
1262 1650 1392 1709 iuvando
1419 1668 1526 1726 aegros
1554 1649 1655 1726 putari

334 1763 456 1821 dictam:
480 1758 578 1816 lacum
597 1763 697 1814 autem
710 1755 849 1812 Iuturnae
869 1753 959 1810 huius
974 1752 1106 1828 opiferae
1128 1758 1160 1809 ut
1174 1751 1218 1809 ita
1231 1752 1327 1810 dicam
1344 1770 1430 1809 nemo
1445 1753 1540 1810 nescit
1559 1752 1656 1809 luisse

333 1872 402 1941 post
422 1859 525 1918 aedem
540 1854 688 1927 Castoris,
710 1861 743 1912 ut
767 1853 854 1911 facile
880 1852 948 1928 qula
970 1853 1081 1911 dixerit
1101 1851 1256 1911 Metellum
1281 1859 1353 1929 post
1373 1871 1400 1910 a.
1423 1850 1482 1909 637
1506 1870 1565 1910 una
1586 1871 1654 1910 enm

331 1965 388 2022 hac
409 1960 482 2020 aede
503 1957 657 2016 dedicasse
678 1954 782 2013 aedem
809 1952 867 2028 Opi
886 1952 1041 2029 optimae)
1061 1952 1066 2029 Ι
1087 1952 1144 2027 [ed
1165 1954 1257 2012 tanta
1277 1951 1429 2026 Iuturnae]
1450 1951 1498 2010 vel
1519 1952 1655 2026 [Diutur-

331 2063 409 2138 nae],
432 2077 507 2138 qnae
526 2056 618 2116 verba
639 2055 751 2132 optime
772 2054 952 2113 conveniunt
972 2071 1127 2112 mensurae
1147 2053 1243 2129 partis
1263 2052 1372 2129 lapidis
1387 2052 1568 2130 deperditae.
1602 2053 1656 2113 sed

332 2165 371 2225 ad
393 2161 521 2222 certiora
540 2173 642 2234 pergo.
748 2149 750 2154 ’

416 2261 510 2322 Sacro
537 2255 682 2335 Opiferae
712 2273 788 2333 quae
820 2255 1037 2331 praecedebant
1062 2253 1222 2312 Henzenus
1251 2263 1280 2313 et
1306 2253 1512 2313 Mommsenus
1537 2255 1657 2332 egregie

332 2367 375 2426 sic
396 2363 601 2422 restituerunt:
623 2357 747 2416 Volcano
767 2356 771 2432 Ι
791 2356 835 2431 [in
855 2360 931 2414 circo
947 2355 1131 2431 1711110110),
1150 2355 1291 2414 Iuturnae
1305 2355 1486 2430 ctaymp]his
1502 2359 1533 2413 ia
1547 2373 1656 2432 cumpo.

333 2468 369 2526 de
391 2462 588 2541 nympharum
614 2475 700 2516 sacro
727 2477 789 2515 non
816 2456 984 2528 constabat,
1016 2457 1173 2514 constabat
1198 2456 1235 2514 de
1255 2454 1391 2514 Volcano
1416 2456 1562 2515 fastorum
1582 2455 1656 2516 Val-

333 2566 462 2627 lensium
489 2558 674 2619 testimonio:
704 2557 829 2617 Volcano
853 2562 885 2615 r'rr
913 2561 988 2616 circo
1011 2557 1169 2616 Flaminio.
1212 2557 1347 2616 meminit
1371 2556 1459 2616 huius
1480 2556 1583 2634 templi
1602 2556 1655 2616 Li·

332 2669 399 2728 vius
421 2682 488 2724 aum
509 2662 587 2719 inter
607 2657 867 2736 0101113111538
889 2657 1004 2716 16111111
1025 2656 1159 2733 (2110)
1182 2665 1259 2716 tacta
1281 2657 1414 2730 derceio
1437 2661 1543 2716 atrium
1559 2659 1657 2734 publi-

333 2787 395 2828 cum
420 2769 451 2822 in
481 2761 635 2835 Capitolio,
663 2759 760 2817 aedan
790 2762 821 2815 ia
853 2775 951 2833 eampo
981 2758 1111 2816 11110011.
1153 2758 1184 2815 11
1216 2758 1345 2817 confinio
1377 2759 1469 2835 igitur
1498 2760 1595 2836 campi
1627 2767 1658 2818 et

332 2864 476 2926 Flaminii
497 2860 566 2917 circi
586 2858 689 2916 aedem
703 2858 833 2934 positam
849 2857 941 2916 fuisse
955 2857 1082 2916 coniecit
1094 2859 1263 2917 Mommsen
1276 2859 1354 2934 Epir.
1369 2861 1395 2932 1,
1412 2859 1461 2919 36.
1493 2859 1657 2934 Beckerua,

333 2968 385 3044 qui
399 2961 480 3022 Livii
494 2959 594 3018 verbis
607 2976 681 3016 usus
696 2966 743 3016 est
760 2977 789 3034 p.
806 2956 876 3030 287,
898 2967 1004 3034 postea
1022 2977 1051 3034 p.
1068 2957 1129 3017 620
1150 2977 1251 3017 eorum
1272 2961 1427 3019 immemor
1447 2961 1516 3019 fuit:
1538 2963 1660 3039 negavit

333 3069 412 3127 enim
422 3063 532 3122 iniuria
544 3059 647 3119 aedem
663 3059 694 3117 in
709 3058 788 3116 circo
799 3057 951 3117 Flaminio
964 3067 1083 3135 praeter
1096 3059 1297 3136 hemerologia
1310 3062 1478 3120 memorari.
1499 3071 1530 3122 at
1544 3079 1658 3136 omnes,

332 3169 393 3227 nisi
413 3163 511 3236 fallor,
537 3161 624 3219 obliti
649 3169 720 3218 sunt
741 3157 906 3232 Ciceronis,
933 3160 983 3235 qui
1010 3161 1042 3217 in
1063 3158 1199 3218 Verriuis
1226 3160 1293 3218 loco
1315 3181 1333 3218 a
1353 3162 1471 3222 nemine
1499 3182 1560 3223 non
1579 3164 1657 3224 lecto

334 3267 363 3341 2,
388 3267 437 3336 61,
461 3265 517 3322 151
548 3262 627 3338 quid,
648 3261 755 3337 inquit,
782 3270 895 3319 statuae
916 3271 1055 3336 equestres
1076 3264 1229 3320 inauratae
1249 3261 1354 3333 voluat,
1384 3282 1458 3338 quae
1475 3267 1579 3340 pepuli
1598 3266 1658 3324 Ro-

332 3371 411 3428 11011
441 3365 537 3423 oculos
569 3366 734 3438 animosque
764 3365 883 3420 11011110
909 3363 1053 3436 offendunt
1082 3373 1201 3436 propter
1226 3363 1323 3420 aedera
1349 3362 1490 3422 Vulcani?
1521 3384 1589 3424 narn
1611 3370 1657 3424 ia·

332 3474 469 3544 scripturn
490 3482 549 3522 esse
569 3464 649 3521 video
672 3464 818 3538 quandam
837 3481 871 3520 ca
885 3462 930 3520 his
945 3471 1068 3521 statuam
1082 3472 1212 3520 aratores
1226 3464 1337 3521 dedisse
1357 3473 1387 3521 et
1409 3464 1580 3537 deindeb9,
1597 3467 1656 3525 167

331 3568 419 3629 Verri
439 3565 512 3624 dicit
533 3581 593 3622 non
613 3579 714 3640 posse·
726 3563 816 3621 fidem
837 3562 941 3621 haberi
957 3559 1124 3622 Siculorum
1147 3579 1178 3622 se
1198 3570 1386 3621 contemnere
1406 3565 1657 3626 existimationem

332 3667 511 3730 autumanti:
545 3668 670 3740 eripiunt
702 3667 774 3722 otim
801 3663 852 3721 titi
882 3665 968 3722 istam
993 3667 1147 3722 orationem
1173 3704 1181 3722 .
1270 3673 1382 3723 statuae
1409 3665 1479 3725 illae
1506 3677 1657 3742 equestres,

334 3789 406 3846 punc
430 3777 460 3826 tu
471 3767 562 3842 paulo
584 3773 650 3823 ente
664 3781 750 3839 quam
771 3766 813 3822 ad
832 3763 928 3822 urbem
948 3768 1058 3822 venires
1076 3767 1149 3840 poni
1169 3763 1341 3838 insontique
1357 3769 1657 3839 tusculanensium
1748 3791 1753 3803 ·

332 3875 493 3946 torpuerunt
526 3876 638 3924 tuorum
670 3867 780 3921 calmes
812 3872 1064 3940 armentorumque
1095 3867 1237 3923 tardares.
1286 3865 1338 3942 qui
1375 3867 1464 3926 huius
1496 3869 1658 3927 testimonii

331 3972 475 4030 rationem
503 3966 615 4024 nullam
643 3964 813 4021 habueruut
837 3963 938 4020 nescio
964 3964 1016 4023 ubi
1043 3973 1157 4024 statuas
1184 3965 1255 4024 11111
1277 3967 1380 4043 populi
1401 3967 1531 4027 Romani
1553 3969 1658 4029 oculos

332 4069 492 4129 offendisse
513 4065 704 4124 crediderint:
731 4081 769 4121 sn
786 4061 953 4140 Syracusis,
975 4065 1026 4123 ubi
1047 4085 1085 4124 ne
1107 4073 1226 4125 constat
1246 4065 1365 4142 quidem
1384 4059 1541 4142 ’11φαῖ1111
1563 4069 1658 4130 fuisse

332 4167 435 4228 aedem
463 4165 505 4240 (v.
526 4163 630 4234 Halm,
661 4163 826 4222 Gcschtchte
847 4163 980 4224 Siciliane
1005 4167 1019 4223 1
1043 4187 1072 4242 p.
1090 4165 1183 4242 395)l
1215 4185 1271 4244 ego
1298 4167 1346 4225 his
1373 4168 1549 4228 testimoniis
1576 4187 1657 4229 com·

331 4266 454 4346 probari
483 4264 583 4336 video,
616 4262 771 4323 Ciceronis
802 4274 936 4342 tempore
962 4265 1077 4325 Romae
1106 4267 1209 4326 aedem
1241 4268 1381 4327 extitisse
1407 4268 1536 4340 Vulcani
1566 4285 1667 4330 unam·

332 4369 440 4440 solam,
469 4363 580 4424 factam
607 4373 675 4422 ante
702 4383 729 4422 a.
753 4365 812 4424 538
840 4369 870 4424 ia
892 4384 990 4442 campo
1012 4367 1076 4426 sive
1097 4371 1128 4425 ic
1149 4372 1223 4427 circo
1244 4367 1404 4440 Flaminio,
1426 4370 1540 4428 nullam
1561 4369 1658 4432 fuisse

330 4471 362 4529 in
384 4487 454 4528 area
474 4465 603 4526 Volcani
630 4465 667 4523 ad
694 4465 856 4539 comitium,
882 4467 915 4524 id
940 4467 1020 4542 quod
1045 4468 1211 4526 rectissime
1239 4470 1343 4528 statuit
1363 4469 1517 4530 Beckerus
1538 4489 1568 4546 p.
1584 4470 1654 4532 ast.

331 4569 486 4630 Plutarchi
512 4568 590 4626 enim
613 4567 790 4626 auctoritate
813 4568 887 4626 mire
907 4567 1020 4626 abusus
1042 4576 1090 4626 est
1111 4566 1313 4640 Detlefseuus,
1343 4588 1409 4628 cum
1431 4571 1514 4630 aedis
1536 4590 1603 4631 eum
1624 4573 1657 4632 in

331 4667 489 4730 Vulcanali
510 4669 605 4727 factae
627 4676 657 4726 et
677 4675 784 4742 postea
806 4669 942 4726 sublatae
963 4669 1141 4728 mentionem
1163 4668 1262 4728 facere
1283 4670 1341 4729 sibi
1361 4671 1513 4748 persuasit
1531 4670 1658 4746 (Annali

333 4769 414 4830 1860
435 4788 465 4846 p.
482 4767 566 4844 149).
601 4767 740 4826 nimirum
756 4767 973 4842 Quaestionum
996 4769 1127 4828 11111
1151 4769 1201 4827 ille
1224 4771 1340 4848 quaerit
1360 4789 1414 4829 cur
1426 4769 1575 4832 Romulus
1596 4763 1655 4854 ἔξω

330 4863 441 4929 πόλεως
473 4869 575 4928 aedem
615 4866 750 4926 Volcano
789 4868 905 4928 lecerit:
937 4878 1036 4927 utrum
1073 4878 1233 4945 propterea
1268 4873 1348 4947 quod
1385 4874 1451 4951 ipse
1476 4872 1583 4932 11111111
1618 4891 1657 4932 ex

303 4986 306 4994 ’
330 4969 448 5028 Venere
474 4969 554 5027 filius
582 4967 668 5027 illum
693 4959 820 5026 σύνοικον
847 4976 877 5028 01
902 4960 1034 5036 ὅμέπολιν
1060 4971 1158 5029 facere
1184 4971 1323 5044 noluerit,
1352 4993 1390 5032 an
1419 4973 1498 5050 quod
1524 4973 1657 5032 ibicum

332 5067 422 5126 Tatio
450 5079 480 5127 et
508 5079 614 5127 senatu
640 5070 740 5128 statim
769 5069 808 5128 ab
833 5069 919 5128 initio
949 5069 1017 5128 loco
1044 5070 1081 5128 ab
1102 5071 1176 5130 urbe
1204 5083 1320 5132 secreto
1348 5073 1505 5133 commode
1537 5073 1659 5134 cousul-

329 5177 395 5227 tare
416 5185 507 5244 posse
527 5168 694 5242 crediderit,
720 5189 758 5230 au
779 5171 861 5246 quod
882 5171 971 5229 deum
995 5171 1198 5230 incendiorum
1229 5175 1267 5233 ab
1290 5174 1363 5234 urbe
1385 5193 1487 5235 arcere
1507 5172 1655 5234 voluerit?
