3742 5826
271 594 272 597 a
343 521 413 593 122
588 533 764 594 sonnino
781 533 831 588 nn
848 497 1113 610 annmcionvu
1129 535 1235 589 vnars
1253 531 1409 590 unvurs.

340 713 455 772 Versus
483 711 603 770 ultimos
629 711 673 770 sic
697 710 762 770 lere
786 709 909 768 exhibui
933 717 965 767 ut
986 710 1024 768 ab
1045 709 1115 768 aliis
1136 708 1266 769 restituti
1288 717 1372 781 sunt,
1399 725 1520 768 versum
1546 717 1665 770 sextum

339 821 426 872 acute
452 813 602 890 supplevit
622 810 834 869 Mommsenus.
878 808 954 870 Oum
981 811 1060 868 enim
1086 820 1209 888 propter
1234 828 1390 869 numerum
1412 810 1591 872 tribuniciae
1612 829 1665 888 po-

339 915 456 972 testatis
478 932 557 972 nunc
578 921 695 971 constet
715 930 819 970 arcum
839 912 951 971 sactum
972 929 1040 971 esee
1062 931 1089 970 a.
1106 913 1142 970 51
1161 912 1209 972 vel
1224 909 1278 985 52,
1305 930 1333 970 a.
1355 921 1455 970 antem
1478 913 1518 972 50
1540 910 1665 973 Carata-

339 1033 393 1074 cus
414 1033 469 1073 rex
484 1014 656 1074 Britanniae
677 1020 783 1091 eaptus
805 1013 845 1074 sit
858 1013 1027 1089 fratresque
1040 1013 1116 1083 eius,
1139 1019 1171 1070 ut
1184 1011 1307 1071 Tacitus
1322 1031 1392 1071 ann.
1414 1012 1466 1072 lib.
1482 1013 1519 1071 12
1542 1033 1608 1092 cap.
1624 1016 1665 1074 35

340 1123 450 1188 canat,
472 1117 504 1174 in
525 1115 705 1175 deditionem
726 1115 842 1190 accepti
863 1114 932 1186 sint,
954 1121 988 1171 ut
1007 1113 1118 1172 bellum
1134 1113 1284 1172 videretur
1305 1114 1473 1174 conlectum
1495 1131 1574 1187 esse,
1595 1134 1666 1174 oon·
1719 1111 1721 1118 ’

340 1223 514 1275 sentaneum
536 1216 632 1275 estin
653 1215 741 1276 titulo
763 1233 852 1276 arcus
872 1214 1061 1292 triumphalis
1082 1215 1250 1290 praedicari
1271 1221 1318 1273 tot
1337 1233 1424 1294 reges
1438 1215 1614 1275 Britanniae
1633 1217 1665 1275 iu

338 1317 518 1378 deditionem
540 1333 608 1376 esse
629 1324 778 1393 acceptos.
813 1316 945 1375 Difficile
967 1325 1066 1375 autem
1087 1315 1187 1388 luerit,
1208 1332 1275 1374 cum
1296 1315 1371 1375 illud
1390 1334 1409 1363 v
1428 1317 1467 1376 ad
1482 1335 1572 1377 unam
1587 1317 1664 1377 litte·

338 1438 403 1478 ram
423 1436 444 1477 x
464 1416 598 1495 quadret,
610 1405 703 1478 ⁴aliud
725 1418 896 1495 excogitare
916 1417 998 1494 quod
1018 1416 1088 1476 hnic
1108 1417 1176 1476 loeo
1197 1418 1363 1478 conveniat.

899 1655 1102 1665 —-—-

987 1850 1016 1910 4.

419 1967 468 2028 Ne
489 1969 616 2046 paginae
637 1987 748 2048 magna
767 1986 838 2046 pars
853 1975 940 2029 vacet
959 1967 1060 2028 addidi
1081 1969 1202 2028 titulum
1223 1967 1356 2028 nondum
1377 1971 1491 2048 publici
1511 1970 1586 2030 iuris
1602 1971 1661 2030 iae·

338 2079 414 2143 tum,
437 2069 503 2145 qui,
525 2071 551 2129 si
572 2088 632 2129 non
653 2069 683 2128 in
704 2071 771 2148 ipso
792 2068 928 2130 aedificio
949 2071 1079 2142 urbano,
1107 2071 1160 2129 sed
1181 2071 1212 2129 in
1234 2080 1409 2130 ornamento
1430 2073 1560 2148 quodam
1583 2073 1661 2131 aedi·

337 2169 396 2229 licii
422 2171 538 2230 videtur
562 2172 673 2232 incisus
694 2172 798 2232 luisse.
844 2167 999 2231 citudini'i
1025 2172 1103 2230 enim
1133 2171 1235 2231 codice
1256 2171 1410 2231 Marciano
1432 2189 1461 2248 p.
1478 2174 1517 2234 85
1540 2174 1588 2232 bic
1609 2193 1662 2232 cx·

337 2261 455 2330 hibetur
475 2272 594 2333 titulus:

660 2373 662 2376 ·
708 2370 824 2414 norom!
837 2385 844 2399 ·
857 2369 975 2413 nostru
986 2383 994 2399 ·
1007 2371 1130 2415 Honori
1142 2385 1149 2400 ·
1161 2371 1292 2416 ovcvs'rr

838 2469 973 2514 rorvuvs
986 2483 993 2500 ·
1008 2468 1161 2516 nonanus

800 2571 861 2616 rao
886 2585 894 2600 ·
918 2571 1081 2617 sinevuoru
1104 2586 1111 2602 ·
1134 2572 1198 2616 eivs

837 2673 1161 2718 uaca·se·an0aa

651 2779 664 2818 a
798 2775 904 2831 scopa
944 2789 951 2803 ·
991 2775 1199 2820 raovroenrn

707 2875 872 2919 srsrvan·
891 2876 928 2919 ex
942 2889 949 2905 ·
964 2876 1040 2918 aare
1056 2890 1063 2904 ·
1079 2875 1290 2933 ancsurooys

707 2976 1290 3021 rn·sosra1s·nu·nsn0aran

627 3071 630 3078 '
707 3077 900 3121 cronius
936 3091 943 3106 ·
981 3077 1290 3121 srnrrraanae

706 3177 1290 3222 conuocouuon·orcrsvrr

313 3297 395 3356 ·Ubi
414 3297 553 3355 extiterit
577 3316 638 3356 non
663 3297 841 3369 enuntiatur,
868 3296 921 3358 sed
947 3297 1095 3375 pertinere
1122 3298 1161 3358 ad
1187 3299 1290 3357 urbem
1312 3317 1380 3358 cunr
1405 3300 1473 3358 ideo
1494 3301 1658 3376 probabile,

333 3398 415 3475 quod
435 3407 536 3458 statua
557 3417 575 3456 a
596 3399 708 3475 populo
729 3398 881 3470 Romano,
909 3406 972 3458 tum
992 3397 1074 3475 quod
1093 3399 1127 3457 in
1147 3399 1255 3458 rostris
1276 3399 1432 3458 conlocata
1454 3418 1520 3460 esse
1541 3391 1657 3474 dieitur.

334 3500 458 3558 Videtur
478 3508 577 3559 autern
598 3499 699 3574 posita
719 3516 788 3558 esse
809 3498 913 3558 eodem
935 3508 1078 3576 tempore,
1100 3517 1161 3576 quo
1183 3518 1203 3557 a
1216 3509 1322 3559 senatu
1335 3501 1507 3577 populoque
1520 3503 1658 3563 Romano

333 3609 455 3659 curante
475 3600 564 3659 Rufio
585 3600 718 3658 Antonio
740 3601 899 3678 Agrypnio
914 3599 1081 3660 Volusiano
1103 3601 1203 3678 posita
1224 3608 1270 3660 eet
1289 3603 1321 3660 in
1342 3601 1406 3660 loro
1421 3601 1552 3661 Traiano
1574 3605 1657 3664 basis

333 3711 451 3760 statuae
475 3701 605 3760 Honorii
631 3706 749 3778 reperta
776 3719 803 3759 a
821 3700 916 3774 1870,
944 3701 981 3759 ol.
1009 3701 1175 3761 Bullettino
1199 3701 1279 3761 1870
1305 3723 1335 3781 p.
1354 3702 1421 3762 171.
1461 3703 1598 3764 Omnino
1627 3714 1658 3765 et

332 3819 408 3878 quas
430 3808 546 3860 statuas
567 3801 599 3860 in
619 3801 726 3860 rostris
747 3808 872 3876 atquae
893 3801 925 3859 in
945 3801 1011 3860 soro
1025 3801 1160 3862 Traiano
1181 3803 1342 3864 memoriae
1362 3814 1410 3864 est
1431 3804 1570 3865 traditum
1589 3825 1657 3866 con·

332 3902 451 3962 stitutaa
465 3901 572 3974 fuisse,
592 3919 770 3978 componere
783 3919 892 3980 operae
913 3902 1030 3964 videtur
1049 3903 1178 3982 pretium
1201 3922 1278 3978 esse,
1299 3905 1351 3966 sed
1372 3908 1452 3982 quod
1474 3906 1567 3966 sciam
1582 3927 1655 3967 non-

332 4003 402 4060 dum
424 4002 608 4079 compositae
628 4010 707 4062 sunt.

1386 4143 1423 4201 E.
1445 4143 1611 4202 Boanann.
