<?xml version="1.0" encoding="UTF-8"?>
<!DOCTYPE html PUBLIC "-//W3C//DTD XHTML 1.0 Transitional//EN"
    "http://www.w3.org/TR/xhtml1/DTD/xhtml1-transitional.dtd">
<html xmlns="http://www.w3.org/1999/xhtml" xml:lang="en" lang="en">
 <head>
  <title>
</title>
<meta http-equiv="Content-Type" content="text/html;charset=utf-8" />
  <meta name='ocr-system' content='tesseract 3.04.00' />
  <meta name='ocr-capabilities' content='ocr_page ocr_carea ocr_par ocr_line ocrx_word'/>
</head>
<body>
  <div class='ocr_page' id='page_1' title='image "./ephemerisepigra04instgoog_0114.png"; bbox 0 0 3742 5826; ppageno 0'>
   <div class='ocr_carea' id='block_1_1' title="bbox 650 563 1041 634">
    <p class='ocr_par' dir='ltr' id='par_1_1' title="bbox 650 563 1041 634">
     <span class='ocr_line' id='line_1_1' title="bbox 650 563 1041 634; baseline -0.005 -2"><span class='ocrx_word' id='word_1_1' title='bbox 650 581 701 632; x_wconf 84' lang='lat' dir='ltr'>nn</span> <span class='ocrx_word' id='word_1_2' title='bbox 720 579 864 634; x_wconf 77' lang='lat' dir='ltr'>mrvnm</span> <span class='ocrx_word' id='word_1_3' title='bbox 884 563 1041 633; x_wconf 68' lang='lat' dir='ltr'>carreis.</span> 
     </span>
    </p>
   </div>
   <div class='ocr_carea' id='block_1_2' title="bbox 595 745 1093 1134">
    <p class='ocr_par' dir='ltr' id='par_1_2' title="bbox 595 745 1093 1134">
     <span class='ocr_line' id='line_1_2' title="bbox 765 745 926 830; baseline 0.037 -23"><span class='ocrx_word' id='word_1_4' title='bbox 765 745 799 807; x_wconf 81' lang='lat'>‘0</span> <span class='ocrx_word' id='word_1_5' title='bbox 822 747 926 830; x_wconf 73' lang='grc' dir='ltr'>δ]ἥμος</span> 
     </span>
     <span class='ocr_line' id='line_1_3' title="bbox 628 843 1059 934; baseline 0.005 -26"><span class='ocrx_word' id='word_1_6' title='bbox 628 843 783 916; x_wconf 67' lang='grc' dir='ltr'>Οὗιβιδιάν</span> <span class='ocrx_word' id='word_1_7' title='bbox 803 844 895 934; x_wconf 57' lang='lat' dir='ltr'>specle</span> <span class='ocrx_word' id='word_1_8' title='bbox 915 843 1059 932; x_wconf 66' lang='grc' dir='ltr'>παρὲἶνον</span> 
     </span>
     <span class='ocr_line' id='line_1_4' title="bbox 595 943 1093 1037; baseline 0.006 -27"><span class='ocrx_word' id='word_1_9' title='bbox 595 943 727 1034; x_wconf 55' lang='lat' dir='ltr'>Sigron?</span> <span class='ocrx_word' id='word_1_10' title='bbox 748 944 917 1031; x_wconf 63' lang='lat' dir='ltr'>Ouitilrdb&#39;ev</span> <span class='ocrx_word' id='word_1_11' title='bbox 939 946 1093 1037; x_wconf 74' lang='lat' dir='ltr'>Otiippmvoe</span> 
     </span>
     <span class='ocr_line' id='line_1_5' title="bbox 616 1043 1074 1134; baseline 0.002 -22"><span class='ocrx_word' id='word_1_12' title='bbox 616 1043 772 1134; x_wconf 66' lang='grc' dir='ltr'>θυγατέρα</span> <span class='ocrx_word' id='word_1_13' title='bbox 792 1044 964 1132; x_wconf 64' lang='lat' dir='ltr'>rflrrllaiee</span> <span class='ocrx_word' id='word_1_14' title='bbox 984 1043 1074 1113; x_wconf 73' lang='grc' dir='ltr'><strong><em>ἕνεκα.</em></strong></span> 
     </span>
    </p>
   </div>
   <div class='ocr_carea' id='block_1_3' title="bbox 179 1205 1512 3013">
    <p class='ocr_par' dir='ltr' id='par_1_3' title="bbox 179 1205 1512 3013">
     <span class='ocr_line' id='line_1_6' title="bbox 180 1205 1510 1286; baseline 0 -16"><span class='ocrx_word' id='word_1_15' title='bbox 180 1214 280 1286; x_wconf 82' lang='lat' dir='ltr'><strong>Atque</strong></span> <span class='ocrx_word' id='word_1_16' title='bbox 300 1229 334 1268; x_wconf 89' lang='lat' dir='ltr'>re</span> <span class='ocrx_word' id='word_1_17' title='bbox 348 1228 420 1267; x_wconf 77' lang='lat' dir='ltr'>vera</span> <span class='ocrx_word' id='word_1_18' title='bbox 430 1205 553 1266; x_wconf 90' lang='lat' dir='ltr'>Vibidia</span> <span class='ocrx_word' id='word_1_19' title='bbox 567 1207 652 1283; x_wconf 81' lang='lat' dir='ltr'>virgo</span> <span class='ocrx_word' id='word_1_20' title='bbox 663 1205 798 1266; x_wconf 75' lang='lat' dir='ltr'>Vestalis</span> <span class='ocrx_word' id='word_1_21' title='bbox 820 1205 952 1265; x_wconf 82' lang='lat' dir='ltr'>maxima</span> <span class='ocrx_word' id='word_1_22' title='bbox 973 1222 1053 1264; x_wconf 89' lang='lat' dir='ltr'>anno</span> <span class='ocrx_word' id='word_1_23' title='bbox 1067 1206 1107 1265; x_wconf 85' lang='lat'>48</span> <span class='ocrx_word' id='word_1_24' title='bbox 1123 1224 1152 1282; x_wconf 89' lang='lat' dir='ltr'>p.</span> <span class='ocrx_word' id='word_1_25' title='bbox 1169 1205 1240 1268; x_wconf 88' lang='lat' dir='ltr'>Chr.</span> <span class='ocrx_word' id='word_1_26' title='bbox 1262 1219 1510 1286; x_wconf 69' lang='lat' dir='ltr'><strong>commemoratur</strong></span> 
     </span>
     <span class='ocr_line' id='line_1_7' title="bbox 180 1291 1509 1389; baseline 0.003 -20"><span class='ocrx_word' id='word_1_27' title='bbox 180 1331 199 1370; x_wconf 91' lang='lat' dir='ltr'>a</span> <span class='ocrx_word' id='word_1_28' title='bbox 218 1311 325 1370; x_wconf 88' lang='lat' dir='ltr'>Tacito</span> <span class='ocrx_word' id='word_1_29' title='bbox 346 1309 404 1380; x_wconf 89' lang='lat' dir='ltr'>XI,</span> <span class='ocrx_word' id='word_1_30' title='bbox 420 1307 470 1367; x_wconf 74' lang='grc'><strong>31.</strong></span> <span class='ocrx_word' id='word_1_31' title='bbox 487 1291 536 1381; x_wconf 74' lang='grc'>14,</span> <span class='ocrx_word' id='word_1_32' title='bbox 558 1326 649 1384; x_wconf 91' lang='lat' dir='ltr'>qnam</span> <span class='ocrx_word' id='word_1_33' title='bbox 670 1295 795 1366; x_wconf 82' lang='lat' dir='ltr'>eandem</span> <span class='ocrx_word' id='word_1_34' title='bbox 816 1323 884 1366; x_wconf 85' lang='lat' dir='ltr'>esse</span> <span class='ocrx_word' id='word_1_35' title='bbox 905 1326 972 1365; x_wconf 91' lang='lat' dir='ltr'>cum</span> <span class='ocrx_word' id='word_1_36' title='bbox 992 1307 1048 1366; x_wconf 89' lang='lat' dir='ltr'>illa</span> <span class='ocrx_word' id='word_1_37' title='bbox 1068 1327 1104 1366; x_wconf 91' lang='lat' dir='ltr'>eo</span> <span class='ocrx_word' id='word_1_38' title='bbox 1126 1309 1236 1368; x_wconf 89' lang='lat' dir='ltr'>certius</span> <span class='ocrx_word' id='word_1_39' title='bbox 1257 1319 1313 1383; x_wconf 91' lang='lat' dir='ltr'>est,</span> <span class='ocrx_word' id='word_1_40' title='bbox 1335 1311 1415 1388; x_wconf 89' lang='lat' dir='ltr'>quod</span> <span class='ocrx_word' id='word_1_41' title='bbox 1436 1331 1509 1389; x_wconf 85' lang='lat' dir='ltr'>gens</span> 
     </span>
     <span class='ocr_line' id='line_1_8' title="bbox 179 1408 1510 1488; baseline 0.003 -18"><span class='ocrx_word' id='word_1_42' title='bbox 179 1411 302 1472; x_wconf 89' lang='lat' dir='ltr'>Vibidia</span> <span class='ocrx_word' id='word_1_43' title='bbox 322 1429 446 1488; x_wconf 87' lang='lat' dir='ltr'>perraro</span> <span class='ocrx_word' id='word_1_44' title='bbox 467 1409 498 1468; x_wconf 88' lang='lat' dir='ltr'>in</span> <span class='ocrx_word' id='word_1_45' title='bbox 519 1409 616 1468; x_wconf 89' lang='lat' dir='ltr'>titulis</span> <span class='ocrx_word' id='word_1_46' title='bbox 636 1416 667 1468; x_wconf 85' lang='lat' dir='ltr'>et</span> <span class='ocrx_word' id='word_1_47' title='bbox 687 1408 768 1487; x_wconf 89' lang='lat' dir='ltr'>apud</span> <span class='ocrx_word' id='word_1_48' title='bbox 789 1409 953 1486; x_wconf 81' lang='lat' dir='ltr'><strong>scriptores</strong></span> <span class='ocrx_word' id='word_1_49' title='bbox 974 1416 1136 1486; x_wconf 87' lang='lat' dir='ltr'>comparet.</span> <span class='ocrx_word' id='word_1_50' title='bbox 1172 1408 1313 1470; x_wconf 84' lang='lat' dir='ltr'>Vibidius</span> <span class='ocrx_word' id='word_1_51' title='bbox 1328 1411 1417 1471; x_wconf 89' lang='lat' dir='ltr'>Virro</span> <span class='ocrx_word' id='word_1_52' title='bbox 1437 1434 1510 1475; x_wconf 89' lang='lat' dir='ltr'>nus-</span> 
     </span>
     <span class='ocr_line' id='line_1_9' title="bbox 180 1509 1509 1590; baseline 0.002 -18"><span class='ocrx_word' id='word_1_53' title='bbox 180 1531 269 1590; x_wconf 87' lang='lat' dir='ltr'>quam</span> <span class='ocrx_word' id='word_1_54' title='bbox 291 1513 474 1584; x_wconf 65' lang='lat' dir='ltr'>nominatum</span> <span class='ocrx_word' id='word_1_55' title='bbox 497 1520 528 1570; x_wconf 89' lang='lat' dir='ltr'>at</span> <span class='ocrx_word' id='word_1_56' title='bbox 548 1509 672 1570; x_wconf 76' lang='lat' dir='ltr'>Tacitus</span> <span class='ocrx_word' id='word_1_57' title='bbox 694 1509 774 1569; x_wconf 84' lang='lat' dir='ltr'>Ano.</span> <span class='ocrx_word' id='word_1_58' title='bbox 795 1509 836 1582; x_wconf 91' lang='lat'>11,</span> <span class='ocrx_word' id='word_1_59' title='bbox 852 1510 891 1568; x_wconf 89' lang='lat'>48</span> <span class='ocrx_word' id='word_1_60' title='bbox 912 1510 1062 1569; x_wconf 86' lang='lat' dir='ltr'>intereos</span> <span class='ocrx_word' id='word_1_61' title='bbox 1085 1517 1249 1584; x_wconf 87' lang='lat' dir='ltr'>senatores,</span> <span class='ocrx_word' id='word_1_62' title='bbox 1270 1529 1347 1588; x_wconf 90' lang='lat' dir='ltr'>quos</span> <span class='ocrx_word' id='word_1_63' title='bbox 1369 1513 1509 1574; x_wconf 83' lang='lat' dir='ltr'>Tiberius</span> 
     </span>
     <span class='ocr_line' id='line_1_10' title="bbox 181 1610 1510 1690; baseline 0.003 -18"><span class='ocrx_word' id='word_1_64' title='bbox 181 1631 258 1672; x_wconf 88' lang='lat' dir='ltr'>anno</span> <span class='ocrx_word' id='word_1_65' title='bbox 281 1615 317 1672; x_wconf 87' lang='grc'><strong>17</strong></span> <span class='ocrx_word' id='word_1_66' title='bbox 337 1633 367 1690; x_wconf 90' lang='lat' dir='ltr'>p.</span> <span class='ocrx_word' id='word_1_67' title='bbox 385 1610 457 1673; x_wconf 79' lang='lat' dir='ltr'>cnr.</span> <span class='ocrx_word' id='word_1_68' title='bbox 483 1617 606 1690; x_wconf 88' lang='lat' dir='ltr'>propter</span> <span class='ocrx_word' id='word_1_69' title='bbox 632 1631 696 1671; x_wconf 88' lang='lat' dir='ltr'>rem</span> <span class='ocrx_word' id='word_1_70' title='bbox 721 1610 1020 1670; x_wconf 76' lang='lat' dir='ltr'>familiaremnimia</span> <span class='ocrx_word' id='word_1_71' title='bbox 1046 1611 1168 1670; x_wconf 87' lang='lat' dir='ltr'>luxuria</span> <span class='ocrx_word' id='word_1_72' title='bbox 1196 1613 1375 1674; x_wconf 77' lang='lat' dir='ltr'><strong>exhaustam</strong></span> <span class='ocrx_word' id='word_1_73' title='bbox 1403 1625 1510 1676; x_wconf 88' lang='lat' dir='ltr'>senatu</span> 
     </span>
     <span class='ocr_line' id='line_1_11' title="bbox 180 1697 1510 1796; baseline 0.003 -23"><span class='ocrx_word' id='word_1_74' title='bbox 180 1714 287 1786; x_wconf 83' lang='lat' dir='ltr'>movit,</span> <span class='ocrx_word' id='word_1_75' title='bbox 309 1713 462 1772; x_wconf 90' lang='lat' dir='ltr'>Vibidium</span> <span class='ocrx_word' id='word_1_76' title='bbox 484 1713 639 1772; x_wconf 79' lang='lat' dir='ltr'>Varronem</span> <span class='ocrx_word' id='word_1_77' title='bbox 663 1712 794 1772; x_wconf 83' lang='lat' dir='ltr'>exbibet.</span> <span class='ocrx_word' id='word_1_78' title='bbox 837 1709 939 1785; x_wconf 80' lang='lat' dir='ltr'>Quare</span> <span class='ocrx_word' id='word_1_79' title='bbox 964 1730 1031 1771; x_wconf 90' lang='lat' dir='ltr'>cum</span> <span class='ocrx_word' id='word_1_80' title='bbox 1058 1697 1111 1771; x_wconf 80' lang='lat' dir='ltr'>aut</span> <span class='ocrx_word' id='word_1_81' title='bbox 1137 1715 1327 1775; x_wconf 89' lang='lat' dir='ltr'>statuendum</span> <span class='ocrx_word' id='word_1_82' title='bbox 1354 1716 1394 1774; x_wconf 92' lang='lat' dir='ltr'>sit</span> <span class='ocrx_word' id='word_1_83' title='bbox 1414 1719 1510 1796; x_wconf 79' lang='lat' dir='ltr'>gentis</span> 
     </span>
     <span class='ocr_line' id='line_1_12' title="bbox 180 1812 1510 1896; baseline 0.004 -24"><span class='ocrx_word' id='word_1_84' title='bbox 180 1814 322 1873; x_wconf 88' lang='lat' dir='ltr'>Vibidiae</span> <span class='ocrx_word' id='word_1_85' title='bbox 346 1824 408 1874; x_wconf 88' lang='lat' dir='ltr'>tam</span> <span class='ocrx_word' id='word_1_86' title='bbox 434 1815 583 1874; x_wconf 81' lang='lat' dir='ltr'>obscurae</span> <span class='ocrx_word' id='word_1_87' title='bbox 609 1833 645 1874; x_wconf 88' lang='lat' dir='ltr'>ae</span> <span class='ocrx_word' id='word_1_88' title='bbox 670 1832 765 1892; x_wconf 88' lang='lat' dir='ltr'>paene</span> <span class='ocrx_word' id='word_1_89' title='bbox 790 1812 910 1892; x_wconf 79' lang='lat' dir='ltr'>ignotae</span> <span class='ocrx_word' id='word_1_90' title='bbox 936 1812 1012 1872; x_wconf 89' lang='lat' dir='ltr'>duas</span> <span class='ocrx_word' id='word_1_91' title='bbox 1041 1813 1137 1873; x_wconf 86' lang='lat' dir='ltr'>faisse</span> <span class='ocrx_word' id='word_1_92' title='bbox 1165 1813 1311 1889; x_wconf 77' lang='lat' dir='ltr'>familias,</span> <span class='ocrx_word' id='word_1_93' title='bbox 1338 1835 1415 1892; x_wconf 88' lang='lat' dir='ltr'>quae</span> <span class='ocrx_word' id='word_1_94' title='bbox 1441 1835 1510 1896; x_wconf 80' lang='lat' dir='ltr'>eog-</span> 
     </span>
     <span class='ocr_line' id='line_1_13' title="bbox 181 1913 1510 1994; baseline 0.003 -21"><span class='ocrx_word' id='word_1_95' title='bbox 181 1915 302 1974; x_wconf 92' lang='lat' dir='ltr'>nomina</span> <span class='ocrx_word' id='word_1_96' title='bbox 321 1915 475 1975; x_wconf 89' lang='lat' dir='ltr'>simillima</span> <span class='ocrx_word' id='word_1_97' title='bbox 489 1916 634 1975; x_wconf 85' lang='lat' dir='ltr'>Varronis</span> <span class='ocrx_word' id='word_1_98' title='bbox 656 1920 686 1972; x_wconf 89' lang='lat' dir='ltr'>et</span> <span class='ocrx_word' id='word_1_99' title='bbox 699 1913 836 1978; x_wconf 84' lang='lat' dir='ltr'>Virronis</span> <span class='ocrx_word' id='word_1_100' title='bbox 857 1914 1038 1991; x_wconf 84' lang='lat' dir='ltr'>gessissent,</span> <span class='ocrx_word' id='word_1_101' title='bbox 1068 1921 1119 1974; x_wconf 90' lang='lat' dir='ltr'>ant</span> <span class='ocrx_word' id='word_1_102' title='bbox 1139 1933 1158 1973; x_wconf 89' lang='lat' dir='ltr'>a</span> <span class='ocrx_word' id='word_1_103' title='bbox 1178 1915 1300 1975; x_wconf 89' lang='lat' dir='ltr'>librario</span> <span class='ocrx_word' id='word_1_104' title='bbox 1321 1918 1400 1994; x_wconf 91' lang='lat' dir='ltr'>apud</span> <span class='ocrx_word' id='word_1_105' title='bbox 1422 1919 1510 1979; x_wconf 88' lang='lat' dir='ltr'>Taci-</span> 
     </span>
     <span class='ocr_line' id='line_1_14' title="bbox 182 2003 1511 2102; baseline 0.002 -27"><span class='ocrx_word' id='word_1_106' title='bbox 182 2024 245 2076; x_wconf 80' lang='lat' dir='ltr'>tum</span> <span class='ocrx_word' id='word_1_107' title='bbox 271 2017 361 2076; x_wconf 75' lang='lat' dir='ltr'>nurus</span> <span class='ocrx_word' id='word_1_108' title='bbox 387 2003 573 2094; x_wconf 77' lang='lat' dir='ltr'>cognominis</span> <span class='ocrx_word' id='word_1_109' title='bbox 601 2014 727 2074; x_wconf 73' lang='lat' dir='ltr'>inauditi</span> <span class='ocrx_word' id='word_1_110' title='bbox 751 2015 817 2074; x_wconf 74' lang='lat'><strong>1000</strong></span> <span class='ocrx_word' id='word_1_111' title='bbox 831 2015 913 2100; x_wconf 21' lang='lat' dir='ltr'>,tuuc</span> <span class='ocrx_word' id='word_1_112' title='bbox 934 2016 966 2074; x_wconf 85' lang='lat' dir='ltr'>in</span> <span class='ocrx_word' id='word_1_113' title='bbox 982 2005 1053 2102; x_wconf 70' lang='lat' dir='ltr'>¹ons</span> <span class='ocrx_word' id='word_1_114' title='bbox 1075 2015 1216 2091; x_wconf 77' lang='lat' dir='ltr'>gentibus</span> <span class='ocrx_word' id='word_1_115' title='bbox 1237 2017 1511 2094; x_wconf 77' lang='lat' dir='ltr'>frequentissimum</span> 
     </span>
     <span class='ocr_line' id='line_1_15' title="bbox 183 2115 1510 2198; baseline 0.002 -22"><span class='ocrx_word' id='word_1_116' title='bbox 183 2118 376 2180; x_wconf 87' lang='lat' dir='ltr'>substitutum</span> <span class='ocrx_word' id='word_1_117' title='bbox 402 2135 486 2187; x_wconf 89' lang='lat' dir='ltr'>esse,</span> <span class='ocrx_word' id='word_1_118' title='bbox 513 2136 601 2177; x_wconf 89' lang='lat' dir='ltr'>nemo</span> <span class='ocrx_word' id='word_1_119' title='bbox 620 2115 790 2188; x_wconf 85' lang='lat' dir='ltr'>dubitabit,</span> <span class='ocrx_word' id='word_1_120' title='bbox 817 2115 890 2192; x_wconf 88' lang='lat' dir='ltr'>quin</span> <span class='ocrx_word' id='word_1_121' title='bbox 918 2116 988 2188; x_wconf 86' lang='lat' dir='ltr'>boc,</span> <span class='ocrx_word' id='word_1_122' title='bbox 1017 2117 1099 2191; x_wconf 92' lang='lat' dir='ltr'>quod</span> <span class='ocrx_word' id='word_1_123' title='bbox 1124 2118 1292 2194; x_wconf 88' lang='lat' dir='ltr'>posteriore</span> <span class='ocrx_word' id='word_1_124' title='bbox 1314 2117 1384 2177; x_wconf 91' lang='lat' dir='ltr'>loeo</span> <span class='ocrx_word' id='word_1_125' title='bbox 1411 2121 1510 2198; x_wconf 90' lang='lat' dir='ltr'>posui,</span> 
     </span>
     <span class='ocr_line' id='line_1_16' title="bbox 183 2217 1510 2295; baseline 0.004 -19"><span class='ocrx_word' id='word_1_126' title='bbox 183 2219 269 2278; x_wconf 85' lang='lat' dir='ltr'>unice</span> <span class='ocrx_word' id='word_1_127' title='bbox 290 2238 404 2292; x_wconf 85' lang='lat' dir='ltr'>verum,</span> <span class='ocrx_word' id='word_1_128' title='bbox 425 2219 552 2294; x_wconf 86' lang='lat' dir='ltr'>ideoque</span> <span class='ocrx_word' id='word_1_129' title='bbox 574 2218 656 2295; x_wconf 89' lang='lat' dir='ltr'>apud</span> <span class='ocrx_word' id='word_1_130' title='bbox 670 2217 810 2276; x_wconf 90' lang='lat' dir='ltr'>Tacitum</span> <span class='ocrx_word' id='word_1_131' title='bbox 829 2217 914 2276; x_wconf 82' lang='lat' dir='ltr'>Virro</span> <span class='ocrx_word' id='word_1_132' title='bbox 936 2235 991 2294; x_wconf 93' lang='lat' dir='ltr'>pro</span> <span class='ocrx_word' id='word_1_133' title='bbox 1008 2217 1102 2276; x_wconf 78' lang='lat' dir='ltr'>Verre</span> <span class='ocrx_word' id='word_1_134' title='bbox 1123 2217 1345 2277; x_wconf 87' lang='lat' dir='ltr'>rescribendum</span> <span class='ocrx_word' id='word_1_135' title='bbox 1367 2220 1415 2279; x_wconf 90' lang='lat' dir='ltr'>sit.</span> <span class='ocrx_word' id='word_1_136' title='bbox 1453 2219 1510 2281; x_wconf 87' lang='lat' dir='ltr'>Ce-</span> 
     </span>
     <span class='ocr_line' id='line_1_17' title="bbox 183 2317 1510 2396; baseline 0.002 -19"><span class='ocrx_word' id='word_1_137' title='bbox 183 2328 401 2379; x_wconf 83' lang='lat' dir='ltr'>teramutrum</span> <span class='ocrx_word' id='word_1_138' title='bbox 425 2320 473 2378; x_wconf 89' lang='lat' dir='ltr'>hic</span> <span class='ocrx_word' id='word_1_139' title='bbox 486 2319 626 2379; x_wconf 84' lang='lat' dir='ltr'>Vibidius</span> <span class='ocrx_word' id='word_1_140' title='bbox 640 2319 732 2378; x_wconf 90' lang='lat' dir='ltr'>Virro</span> <span class='ocrx_word' id='word_1_141' title='bbox 754 2318 832 2377; x_wconf 92' lang='lat' dir='ltr'>idem</span> <span class='ocrx_word' id='word_1_142' title='bbox 854 2319 895 2376; x_wconf 92' lang='lat' dir='ltr'>sit</span> <span class='ocrx_word' id='word_1_143' title='bbox 915 2335 983 2376; x_wconf 89' lang='lat' dir='ltr'>cum</span> <span class='ocrx_word' id='word_1_144' title='bbox 1005 2324 1090 2394; x_wconf 87' lang='lat' dir='ltr'>patre</span> <span class='ocrx_word' id='word_1_145' title='bbox 1111 2317 1239 2396; x_wconf 82' lang='lat' dir='ltr'>virginis</span> <span class='ocrx_word' id='word_1_146' title='bbox 1250 2318 1386 2378; x_wconf 86' lang='lat' dir='ltr'>Vestalis</span> <span class='ocrx_word' id='word_1_147' title='bbox 1407 2335 1510 2394; x_wconf 89' lang='lat' dir='ltr'>necne,</span> 
     </span>
     <span class='ocr_line' id='line_1_18' title="bbox 181 2419 1511 2498; baseline 0.002 -19"><span class='ocrx_word' id='word_1_148' title='bbox 181 2440 238 2497; x_wconf 94' lang='lat' dir='ltr'>pro</span> <span class='ocrx_word' id='word_1_149' title='bbox 263 2429 345 2480; x_wconf 86' lang='lat' dir='ltr'>certo</span> <span class='ocrx_word' id='word_1_150' title='bbox 369 2421 430 2479; x_wconf 89' lang='lat' dir='ltr'>dici</span> <span class='ocrx_word' id='word_1_151' title='bbox 457 2420 570 2497; x_wconf 90' lang='lat' dir='ltr'>nequit.</span> <span class='ocrx_word' id='word_1_152' title='bbox 613 2420 649 2479; x_wconf 93' lang='lat' dir='ltr'>Id</span> <span class='ocrx_word' id='word_1_153' title='bbox 679 2439 770 2479; x_wconf 88' lang='lat' dir='ltr'>unum</span> <span class='ocrx_word' id='word_1_154' title='bbox 795 2419 896 2478; x_wconf 90' lang='lat' dir='ltr'>dicere</span> <span class='ocrx_word' id='word_1_155' title='bbox 922 2419 1008 2491; x_wconf 91' lang='lat' dir='ltr'>licet,</span> <span class='ocrx_word' id='word_1_156' title='bbox 1036 2427 1203 2496; x_wconf 88' lang='lat' dir='ltr'>temporum</span> <span class='ocrx_word' id='word_1_157' title='bbox 1223 2421 1357 2498; x_wconf 86' lang='lat' dir='ltr'>rationes</span> <span class='ocrx_word' id='word_1_158' title='bbox 1378 2440 1438 2481; x_wconf 89' lang='lat' dir='ltr'>non</span> <span class='ocrx_word' id='word_1_159' title='bbox 1459 2423 1511 2481; x_wconf 93' lang='lat' dir='ltr'>ob·</span> 
     </span>
     <span class='ocr_line' id='line_1_19' title="bbox 183 2519 1512 2598; baseline 0.001 -19"><span class='ocrx_word' id='word_1_160' title='bbox 183 2531 272 2580; x_wconf 87' lang='lat' dir='ltr'>stare.</span> <span class='ocrx_word' id='word_1_161' title='bbox 315 2519 395 2582; x_wconf 89' lang='lat' dir='ltr'>Sane</span> <span class='ocrx_word' id='word_1_162' title='bbox 421 2539 480 2581; x_wconf 90' lang='lat' dir='ltr'>non</span> <span class='ocrx_word' id='word_1_163' title='bbox 505 2521 684 2581; x_wconf 90' lang='lat' dir='ltr'>credendum</span> <span class='ocrx_word' id='word_1_164' title='bbox 712 2530 771 2593; x_wconf 90' lang='lat' dir='ltr'>est,</span> <span class='ocrx_word' id='word_1_165' title='bbox 798 2527 959 2598; x_wconf 84' lang='lat' dir='ltr'>postquam</span> <span class='ocrx_word' id='word_1_166' title='bbox 980 2527 1065 2598; x_wconf 88' lang='lat' dir='ltr'>pater</span> <span class='ocrx_word' id='word_1_167' title='bbox 1086 2538 1123 2579; x_wconf 88' lang='lat' dir='ltr'>ea</span> <span class='ocrx_word' id='word_1_168' title='bbox 1142 2521 1307 2598; x_wconf 80' lang='lat' dir='ltr'>ignominia</span> <span class='ocrx_word' id='word_1_169' title='bbox 1327 2523 1365 2581; x_wconf 92' lang='lat' dir='ltr'>ab</span> <span class='ocrx_word' id='word_1_170' title='bbox 1386 2521 1512 2598; x_wconf 89' lang='lat' dir='ltr'>impera·</span> 
     </span>
     <span class='ocr_line' id='line_1_20' title="bbox 183 2619 1511 2702; baseline 0.002 -22"><span class='ocrx_word' id='word_1_171' title='bbox 183 2632 247 2688; x_wconf 80' lang='lat' dir='ltr'>tore</span> <span class='ocrx_word' id='word_1_172' title='bbox 274 2623 400 2683; x_wconf 81' lang='lat' dir='ltr'>affectus</span> <span class='ocrx_word' id='word_1_173' title='bbox 427 2632 488 2695; x_wconf 90' lang='lat' dir='ltr'>est,</span> <span class='ocrx_word' id='word_1_174' title='bbox 520 2632 555 2682; x_wconf 90' lang='lat' dir='ltr'>nt</span> <span class='ocrx_word' id='word_1_175' title='bbox 582 2631 688 2683; x_wconf 88' lang='lat' dir='ltr'>senata</span> <span class='ocrx_word' id='word_1_176' title='bbox 714 2629 897 2693; x_wconf 86' lang='lat' dir='ltr'>moveretur,</span> <span class='ocrx_word' id='word_1_177' title='bbox 925 2619 1018 2679; x_wconf 88' lang='lat' dir='ltr'>liliam</span> <span class='ocrx_word' id='word_1_178' title='bbox 1045 2620 1192 2698; x_wconf 83' lang='lat' dir='ltr'>virginem</span> <span class='ocrx_word' id='word_1_179' title='bbox 1211 2622 1365 2682; x_wconf 83' lang='lat' dir='ltr'>Vestalem</span> <span class='ocrx_word' id='word_1_180' title='bbox 1392 2631 1511 2702; x_wconf 89' lang='lat' dir='ltr'>captam</span> 
     </span>
     <span class='ocr_line' id='line_1_21' title="bbox 183 2719 1511 2801; baseline 0 -19"><span class='ocrx_word' id='word_1_181' title='bbox 183 2739 260 2783; x_wconf 86' lang='lat' dir='ltr'>esse.</span> <span class='ocrx_word' id='word_1_182' title='bbox 303 2721 364 2784; x_wconf 88' lang='lat' dir='ltr'>Sed</span> <span class='ocrx_word' id='word_1_183' title='bbox 386 2742 454 2784; x_wconf 89' lang='lat' dir='ltr'>oum</span> <span class='ocrx_word' id='word_1_184' title='bbox 468 2725 593 2785; x_wconf 92' lang='lat' dir='ltr'>Vibidia</span> <span class='ocrx_word' id='word_1_185' title='bbox 612 2725 667 2784; x_wconf 89' lang='lat' dir='ltr'>illa</span> <span class='ocrx_word' id='word_1_186' title='bbox 687 2742 767 2783; x_wconf 90' lang='lat' dir='ltr'>anno</span> <span class='ocrx_word' id='word_1_187' title='bbox 786 2743 816 2801; x_wconf 89' lang='lat' dir='ltr'>p.</span> <span class='ocrx_word' id='word_1_188' title='bbox 832 2719 903 2782; x_wconf 82' lang='lat' dir='ltr'>Chr.</span> <span class='ocrx_word' id='word_1_189' title='bbox 920 2722 960 2782; x_wconf 86' lang='lat'>48</span> <span class='ocrx_word' id='word_1_190' title='bbox 981 2731 1053 2781; x_wconf 89' lang='lat' dir='ltr'>natu</span> <span class='ocrx_word' id='word_1_191' title='bbox 1068 2719 1208 2782; x_wconf 76' lang='lat' dir='ltr'>‘maxima</span> <span class='ocrx_word' id='word_1_192' title='bbox 1228 2742 1267 2782; x_wconf 83' lang='lat' dir='ltr'>ex</span> <span class='ocrx_word' id='word_1_193' title='bbox 1289 2723 1428 2784; x_wconf 89' lang='lat' dir='ltr'>omnibus</span> <span class='ocrx_word' id='word_1_194' title='bbox 1442 2725 1511 2784; x_wconf 92' lang='lat' dir='ltr'>Vir-</span> 
     </span>
     <span class='ocr_line' id='line_1_22' title="bbox 182 2824 1510 2902; baseline 0 -18"><span class='ocrx_word' id='word_1_195' title='bbox 182 2825 302 2902; x_wconf 80' lang='lat' dir='ltr'>ginibus</span> <span class='ocrx_word' id='word_1_196' title='bbox 315 2825 492 2885; x_wconf 85' lang='lat' dir='ltr'>Vestalibus</span> <span class='ocrx_word' id='word_1_197' title='bbox 513 2826 615 2899; x_wconf 80' lang='lat' dir='ltr'>inerit,</span> <span class='ocrx_word' id='word_1_198' title='bbox 641 2825 715 2902; x_wconf 84' lang='lat' dir='ltr'>quid</span> <span class='ocrx_word' id='word_1_199' title='bbox 735 2825 873 2902; x_wconf 90' lang='lat' dir='ltr'>impedit,</span> <span class='ocrx_word' id='word_1_200' title='bbox 896 2824 1055 2901; x_wconf 90' lang='lat' dir='ltr'>quominus</span> <span class='ocrx_word' id='word_1_201' title='bbox 1078 2842 1143 2882; x_wconf 88' lang='lat' dir='ltr'>eam</span> <span class='ocrx_word' id='word_1_202' title='bbox 1165 2824 1225 2884; x_wconf 92' lang='lat' dir='ltr'>iam</span> <span class='ocrx_word' id='word_1_203' title='bbox 1246 2831 1315 2884; x_wconf 89' lang='lat' dir='ltr'>ante</span> <span class='ocrx_word' id='word_1_204' title='bbox 1337 2844 1447 2888; x_wconf 84' lang='lat' dir='ltr'>annum</span> <span class='ocrx_word' id='word_1_205' title='bbox 1473 2825 1510 2884; x_wconf 83' lang='lat'>17</span> 
     </span>
     <span class='ocr_line' id='line_1_23' title="bbox 183 2923 1511 3013; baseline 0.001 -27"><span class='ocrx_word' id='word_1_206' title='bbox 183 2947 212 3004; x_wconf 90' lang='lat' dir='ltr'>p.</span> <span class='ocrx_word' id='word_1_207' title='bbox 228 2923 312 2998; x_wconf 76' lang='lat' dir='ltr'>cnr,</span> <span class='ocrx_word' id='word_1_208' title='bbox 333 2928 402 3004; x_wconf 85' lang='lat' dir='ltr'>plue</span> <span class='ocrx_word' id='word_1_209' title='bbox 423 2945 513 3004; x_wconf 85' lang='lat' dir='ltr'>qnam</span> <span class='ocrx_word' id='word_1_210' title='bbox 535 2945 594 2986; x_wconf 89' lang='lat' dir='ltr'>uno</span> <span class='ocrx_word' id='word_1_211' title='bbox 616 2934 646 2986; x_wconf 91' lang='lat' dir='ltr'>et</span> <span class='ocrx_word' id='word_1_212' title='bbox 667 2927 789 3003; x_wconf 80' lang='lat' dir='ltr'>triginta</span> <span class='ocrx_word' id='word_1_213' title='bbox 810 2925 898 3013; x_wconf 81' lang='lat' dir='ltr'>annis</span> <span class='ocrx_word' id='word_1_214' title='bbox 920 2934 999 2997; x_wconf 88' lang='lat' dir='ltr'>ante,</span> <span class='ocrx_word' id='word_1_215' title='bbox 1020 2925 1052 2983; x_wconf 90' lang='lat' dir='ltr'>in</span> <span class='ocrx_word' id='word_1_216' title='bbox 1073 2944 1176 2984; x_wconf 89' lang='lat' dir='ltr'>earum</span> <span class='ocrx_word' id='word_1_217' title='bbox 1193 2944 1346 2984; x_wconf 89' lang='lat' dir='ltr'>numerum</span> <span class='ocrx_word' id='word_1_218' title='bbox 1361 2937 1511 3003; x_wconf 80' lang='lat' dir='ltr'>receptam</span> 
     </span>
    </p>
   </div>
   <div class='ocr_carea' id='block_1_4' title="bbox 184 3017 1623 3105">
    <p class='ocr_par' dir='ltr' id='par_1_4' title="bbox 184 3017 1623 3105">
     <span class='ocr_line' id='line_1_24' title="bbox 184 3017 1623 3105; baseline 0.001 -19"><span class='ocrx_word' id='word_1_219' title='bbox 184 3027 370 3087; x_wconf 76' lang='lat' dir='ltr'>statuamus?</span> <span class='ocrx_word' id='word_1_220' title='bbox 405 3027 454 3086; x_wconf 89' lang='lat' dir='ltr'>Ne</span> <span class='ocrx_word' id='word_1_221' title='bbox 475 3027 506 3086; x_wconf 90' lang='lat' dir='ltr'>id</span> <span class='ocrx_word' id='word_1_222' title='bbox 527 3027 645 3105; x_wconf 89' lang='lat' dir='ltr'>quidem</span> <span class='ocrx_word' id='word_1_223' title='bbox 667 3017 953 3104; x_wconf 65' lang='lat' dir='ltr'>diiudicari&#39;potest,</span> <span class='ocrx_word' id='word_1_224' title='bbox 974 3045 1047 3085; x_wconf 89' lang='lat' dir='ltr'>num</span> <span class='ocrx_word' id='word_1_225' title='bbox 1063 3024 1175 3088; x_wconf 85' lang='lat' dir='ltr'>Sextus</span> <span class='ocrx_word' id='word_1_226' title='bbox 1184 3026 1325 3087; x_wconf 82' lang='lat' dir='ltr'>Vibidius</span> <span class='ocrx_word' id='word_1_227' title='bbox 1337 3026 1439 3102; x_wconf 89' lang='lat' dir='ltr'>Virro,</span> <span class='ocrx_word' id='word_1_228' title='bbox 1461 3029 1513 3105; x_wconf 91' lang='lat' dir='ltr'>qui</span> <span class='ocrx_word' id='word_1_229' title='bbox 1619 3021 1623 3029; x_wconf 80' lang='grc'>’</span> 
     </span>
    </p>
   </div>
   <div class='ocr_carea' id='block_1_5' title="bbox 183 3128 1556 4601">
    <p class='ocr_par' dir='ltr' id='par_1_5' title="bbox 183 3128 1556 3310">
     <span class='ocr_line' id='line_1_25' title="bbox 183 3128 1556 3207; baseline 0.001 -19"><span class='ocrx_word' id='word_1_230' title='bbox 183 3130 215 3188; x_wconf 91' lang='lat' dir='ltr'>in</span> <span class='ocrx_word' id='word_1_231' title='bbox 236 3129 331 3188; x_wconf 86' lang='lat' dir='ltr'>altero</span> <span class='ocrx_word' id='word_1_232' title='bbox 353 3129 439 3190; x_wconf 90' lang='lat' dir='ltr'>titulo</span> <span class='ocrx_word' id='word_1_233' title='bbox 453 3129 555 3188; x_wconf 79' lang='lat' dir='ltr'>Attico</span> <span class='ocrx_word' id='word_1_234' title='bbox 577 3139 633 3200; x_wconf 89' lang='lat' dir='ltr'>est,</span> <span class='ocrx_word' id='word_1_235' title='bbox 654 3130 732 3188; x_wconf 93' lang='lat' dir='ltr'>idem</span> <span class='ocrx_word' id='word_1_236' title='bbox 754 3129 793 3187; x_wconf 91' lang='lat' dir='ltr'>sit</span> <span class='ocrx_word' id='word_1_237' title='bbox 814 3146 882 3186; x_wconf 92' lang='lat' dir='ltr'>cum</span> <span class='ocrx_word' id='word_1_238' title='bbox 904 3136 1043 3188; x_wconf 87' lang='lat' dir='ltr'>senatore</span> <span class='ocrx_word' id='word_1_239' title='bbox 1064 3128 1128 3201; x_wconf 92' lang='lat' dir='ltr'>illo,</span> <span class='ocrx_word' id='word_1_240' title='bbox 1149 3128 1233 3189; x_wconf 90' lang='lat' dir='ltr'>cuins</span> <span class='ocrx_word' id='word_1_241' title='bbox 1254 3147 1435 3207; x_wconf 88' lang='lat' dir='ltr'>praenomen</span> <span class='ocrx_word' id='word_1_242' title='bbox 1451 3131 1511 3190; x_wconf 90' lang='lat' dir='ltr'>Ta·</span> <span class='ocrx_word' id='word_1_243' title='bbox 1550 3186 1556 3200; x_wconf 84' lang='grc'><strong>,</strong></span> 
     </span>
     <span class='ocr_line' id='line_1_26' title="bbox 183 3221 1379 3310; baseline -0.003 -21"><span class='ocrx_word' id='word_1_244' title='bbox 183 3232 261 3290; x_wconf 89' lang='lat' dir='ltr'>citus</span> <span class='ocrx_word' id='word_1_245' title='bbox 280 3221 343 3290; x_wconf 69' lang='lat' dir='ltr'>&#39;non</span> <span class='ocrx_word' id='word_1_246' title='bbox 365 3231 458 3304; x_wconf 81' lang='lat' dir='ltr'>addit,</span> <span class='ocrx_word' id='word_1_247' title='bbox 480 3241 510 3290; x_wconf 92' lang='lat' dir='ltr'>et</span> <span class='ocrx_word' id='word_1_248' title='bbox 530 3239 615 3308; x_wconf 90' lang='lat' dir='ltr'>patre</span> <span class='ocrx_word' id='word_1_249' title='bbox 637 3230 761 3310; x_wconf 79' lang='lat' dir='ltr'>virginis</span> <span class='ocrx_word' id='word_1_250' title='bbox 775 3227 921 3288; x_wconf 85' lang='lat' dir='ltr'>Vestalis.</span> <span class='ocrx_word' id='word_1_251' title='bbox 957 3231 962 3242; x_wconf 87' lang='lat'>&#39;</span> <span class='ocrx_word' id='word_1_252' title='bbox 1375 3241 1379 3250; x_wconf 79' lang='grc'>’</span> 
     </span>
    </p>

    <p class='ocr_par' dir='ltr' id='par_1_6' title="bbox 185 3315 1512 3612">
     <span class='ocr_line' id='line_1_27' title="bbox 226 3315 1512 3408; baseline -0.002 -16"><span class='ocrx_word' id='word_1_253' title='bbox 226 3315 230 3322; x_wconf 58' lang='grc'><strong>’</strong></span> <span class='ocrx_word' id='word_1_254' title='bbox 268 3333 297 3392; x_wconf 87' lang='grc'>3.</span> <span class='ocrx_word' id='word_1_255' title='bbox 340 3332 430 3392; x_wconf 81' lang='lat' dir='ltr'>Bacis</span> <span class='ocrx_word' id='word_1_256' title='bbox 452 3333 608 3396; x_wconf 87' lang='lat' dir='ltr'>marmoris</span> <span class='ocrx_word' id='word_1_257' title='bbox 630 3329 791 3408; x_wconf 88' lang='lat' dir='ltr'>Hymettii,</span> <span class='ocrx_word' id='word_1_258' title='bbox 818 3329 1000 3390; x_wconf 86' lang='lat' dir='ltr'>occidentem</span> <span class='ocrx_word' id='word_1_259' title='bbox 1022 3347 1127 3388; x_wconf 89' lang='lat' dir='ltr'>versus</span> <span class='ocrx_word' id='word_1_260' title='bbox 1153 3329 1382 3407; x_wconf 84' lang='lat' dir='ltr'>aPropylaeis.</span> <span class='ocrx_word' id='word_1_261' title='bbox 1425 3332 1512 3392; x_wconf 89' lang='lat' dir='ltr'>Titu-</span> 
     </span>
     <span class='ocr_line' id='line_1_28' title="bbox 185 3426 1512 3516; baseline 0.001 -27"><span class='ocrx_word' id='word_1_262' title='bbox 185 3432 246 3490; x_wconf 90' lang='lat' dir='ltr'>lum</span> <span class='ocrx_word' id='word_1_263' title='bbox 272 3433 367 3493; x_wconf 87' lang='lat' dir='ltr'>edidit</span> <span class='ocrx_word' id='word_1_264' title='bbox 389 3433 522 3493; x_wconf 85' lang='lat' dir='ltr'>Pittakis</span> <span class='ocrx_word' id='word_1_265' title='bbox 544 3427 613 3510; x_wconf 72' lang='lat' dir='ltr'>&#39;Equ</span> <span class='ocrx_word' id='word_1_266' title='bbox 640 3426 712 3516; x_wconf 72' lang='grc' dir='ltr'>ἀρχ.</span> <span class='ocrx_word' id='word_1_267' title='bbox 736 3430 828 3490; x_wconf 81' lang='lat'>2118.</span> <span class='ocrx_word' id='word_1_268' title='bbox 871 3431 968 3490; x_wconf 77' lang='lat' dir='ltr'>Beule</span> <span class='ocrx_word' id='word_1_269' title='bbox 993 3431 1105 3508; x_wconf 80' lang='lat' dir='ltr'>Acrop.</span> <span class='ocrx_word' id='word_1_270' title='bbox 1124 3431 1156 3489; x_wconf 93' lang='lat'>11</span> <span class='ocrx_word' id='word_1_271' title='bbox 1184 3450 1214 3508; x_wconf 89' lang='lat' dir='ltr'>p.</span> <span class='ocrx_word' id='word_1_272' title='bbox 1230 3428 1308 3500; x_wconf 79' lang='lat'>348,</span> <span class='ocrx_word' id='word_1_273' title='bbox 1335 3430 1433 3490; x_wconf 88' lang='lat' dir='ltr'>denuo</span> <span class='ocrx_word' id='word_1_274' title='bbox 1461 3432 1512 3490; x_wconf 90' lang='lat' dir='ltr'>de-</span> 
     </span>
     <span class='ocr_line' id='line_1_29' title="bbox 186 3533 536 3612; baseline -0.003 -20"><span class='ocrx_word' id='word_1_275' title='bbox 186 3534 305 3612; x_wconf 85' lang='lat' dir='ltr'>scripsit</span> <span class='ocrx_word' id='word_1_276' title='bbox 325 3533 364 3594; x_wconf 90' lang='lat' dir='ltr'>U.</span> <span class='ocrx_word' id='word_1_277' title='bbox 386 3534 536 3595; x_wconf 85' lang='lat' dir='ltr'>Kochler:</span> 
     </span>
    </p>

    <p class='ocr_par' dir='ltr' id='par_1_7' title="bbox 636 3664 662 3694">
     <span class='ocr_line' id='line_1_30' title="bbox 636 3664 662 3694; baseline 0 0"><span class='ocrx_word' id='word_1_278' title='bbox 636 3664 662 3694; x_wconf 72' lang='grc' dir='ltr'><strong>υ</strong></span> 
     </span>
    </p>

    <p class='ocr_par' dir='ltr' id='par_1_8' title="bbox 608 3740 856 3792">
     <span class='ocr_line' id='line_1_31' title="bbox 608 3740 856 3792; baseline 0 0"><span class='ocrx_word' id='word_1_279' title='bbox 608 3740 685 3792; x_wconf 83' lang='grc' dir='ltr'>ΩΝι.</span> <span class='ocrx_word' id='word_1_280' title='bbox 832 3765 856 3792; x_wconf 80' lang='grc' dir='ltr'><strong><em>υ</em></strong></span> 
     </span>
    </p>

    <p class='ocr_par' dir='ltr' id='par_1_9' title="bbox 578 3837 1126 4502">
     <span class='ocr_line' id='line_1_32' title="bbox 636 3837 1049 3897; baseline 0.002 -4"><span class='ocrx_word' id='word_1_281' title='bbox 636 3837 1049 3897; x_wconf 61' lang='grc' dir='ltr'><strong>ΠοΠ111111οΥ11111Ε....ί</strong></span> 
     </span>
     <span class='ocr_line' id='line_1_33' title="bbox 579 3940 1052 4015; baseline -0.002 -20"><span class='ocrx_word' id='word_1_282' title='bbox 579 3940 920 4015; x_wconf 68' lang='lat' dir='ltr'>zesurorrot</span> <span class='ocrx_word' id='word_1_283' title='bbox 991 3941 1052 3999; x_wconf 79' lang='lat' dir='ltr'>tun</span> 
     </span>
     <span class='ocr_line' id='line_1_34' title="bbox 579 4039 1018 4099; baseline -0.002 -3"><span class='ocrx_word' id='word_1_284' title='bbox 579 4039 944 4099; x_wconf 79' lang='grc' dir='ltr'>ΞΤΡΑΤΙΙΙΙΙΓΟΥΜΙΙΙΙΙΙ</span> <span class='ocrx_word' id='word_1_285' title='bbox 997 4041 1018 4095; x_wconf 88' lang='grc' dir='ltr'><strong>Ρ</strong></span> 
     </span>
     <span class='ocr_line' id='line_1_35' title="bbox 578 4140 1117 4200; baseline 0.006 -5"><span class='ocrx_word' id='word_1_286' title='bbox 578 4141 885 4196; x_wconf 79' lang='grc' dir='ltr'>ΤΟΣΕΠΙΤΟΥΣΟ</span> <span class='ocrx_word' id='word_1_287' title='bbox 971 4140 1117 4200; x_wconf 80' lang='grc' dir='ltr'><strong>Τ111ΣΤ111</strong></span> 
     </span>
     <span class='ocr_line' id='line_1_36' title="bbox 580 4241 1126 4301; baseline 0.002 -4"><span class='ocrx_word' id='word_1_288' title='bbox 580 4243 873 4298; x_wconf 69' lang='grc' dir='ltr'><strong>ΔΙΟΚΛΕΟΥὶΤΟῚ</strong></span> <span class='ocrx_word' id='word_1_289' title='bbox 887 4241 1126 4301; x_wconf 73' lang='lat' dir='ltr'>‘&#39;llllltlttttlt!</span> 
     </span>
     <span class='ocr_line' id='line_1_37' title="bbox 580 4344 1053 4399; baseline 0.006 -3"><span class='ocrx_word' id='word_1_290' title='bbox 580 4344 1053 4399; x_wconf 64' lang='lat' dir='ltr'>nanouxowtnottattaet</span> 
     </span>
     <span class='ocr_line' id='line_1_38' title="bbox 580 4443 1125 4502; baseline 0.004 -4"><span class='ocrx_word' id='word_1_291' title='bbox 580 4443 1125 4502; x_wconf 73' lang='grc' dir='ltr'>ΤΑΤΡΙΔΟΣΤΟΥΚΑΙΕΙΙΙΣΗΓΙΙΙΙ</span> 
     </span>
    </p>

    <p class='ocr_par' dir='ltr' id='par_1_10' title="bbox 493 4539 1029 4601">
     <span class='ocr_line' id='line_1_39' title="bbox 493 4539 1029 4601; baseline -0.006 0"><span class='ocrx_word' id='word_1_292' title='bbox 493 4562 519 4601; x_wconf 83' lang='lat' dir='ltr'>to</span> <span class='ocrx_word' id='word_1_293' title='bbox 673 4545 878 4598; x_wconf 80' lang='grc' dir='ltr'>ΕΠΙΙΕΡΕΙΑΣ</span> <span class='ocrx_word' id='word_1_294' title='bbox 903 4539 1029 4599; x_wconf 67' lang='lat' dir='ltr'>tombs</span> 
     </span>
    </p>
   </div>
   <div class='ocr_carea' id='block_1_6' title="bbox 673 4645 1029 4800">
    <p class='ocr_par' dir='ltr' id='par_1_11' title="bbox 673 4645 1029 4800">
     <span class='ocr_line' id='line_1_40' title="bbox 673 4645 1013 4699; baseline 0 0"><span class='ocrx_word' id='word_1_295' title='bbox 673 4645 859 4699; x_wconf 76' lang='grc' dir='ltr'><strong>ΜΕΓΙΣΤΗΣ</strong></span> <span class='ocrx_word' id='word_1_296' title='bbox 889 4645 1013 4699; x_wconf 73' lang='grc' dir='ltr'>ΤΗΣΖΗ</span> 
     </span>
     <span class='ocr_line' id='line_1_41' title="bbox 674 4743 1029 4800; baseline 0.003 -2"><span class='ocrx_word' id='word_1_297' title='bbox 674 4743 866 4800; x_wconf 77' lang='grc' dir='ltr'>ΣΟΥΝΙΕΩΣ</span> <span class='ocrx_word' id='word_1_298' title='bbox 901 4745 1029 4799; x_wconf 86' lang='grc' dir='ltr'>ΘΥΓΑΤ</span> 
     </span>
    </p>
   </div>
   <div class='ocr_carea' id='block_1_7' title="bbox 118 4898 1515 5288">
    <p class='ocr_par' dir='ltr' id='par_1_12' title="bbox 188 4898 1514 5086">
     <span class='ocr_line' id='line_1_42' title="bbox 188 4898 1514 4984; baseline -0.007 -18"><span class='ocrx_word' id='word_1_299' title='bbox 188 4904 322 4984; x_wconf 85' lang='lat' dir='ltr'>Tempus</span> <span class='ocrx_word' id='word_1_300' title='bbox 351 4906 552 4968; x_wconf 88' lang='lat' dir='ltr'>certissimum</span> <span class='ocrx_word' id='word_1_301' title='bbox 577 4913 632 4964; x_wconf 92' lang='lat' dir='ltr'>est.</span> <span class='ocrx_word' id='word_1_302' title='bbox 675 4899 810 4962; x_wconf 87' lang='lat' dir='ltr'>Nomina</span> <span class='ocrx_word' id='word_1_303' title='bbox 835 4900 913 4960; x_wconf 88' lang='lat' dir='ltr'>enim</span> <span class='ocrx_word' id='word_1_304' title='bbox 940 4898 1057 4960; x_wconf 86' lang='lat' dir='ltr'>Dioclis</span> <span class='ocrx_word' id='word_1_305' title='bbox 1078 4899 1277 4961; x_wconf 85' lang='lat' dir='ltr'>Themistocli</span> <span class='ocrx_word' id='word_1_306' title='bbox 1302 4898 1432 4984; x_wconf 82' lang='lat' dir='ltr'>dadnchi</span> <span class='ocrx_word' id='word_1_307' title='bbox 1459 4899 1514 4958; x_wconf 89' lang='lat' dir='ltr'>lilii</span> 
     </span>
     <span class='ocr_line' id='line_1_43' title="bbox 188 4991 1514 5086; baseline -0.005 -21"><span class='ocrx_word' id='word_1_308' title='bbox 188 5005 234 5082; x_wconf 88' lang='lat' dir='ltr'>(et</span> <span class='ocrx_word' id='word_1_309' title='bbox 254 5009 374 5084; x_wconf 92' lang='lat' dir='ltr'>quidem</span> <span class='ocrx_word' id='word_1_310' title='bbox 395 5009 458 5067; x_wconf 93' lang='lat' dir='ltr'>illic</span> <span class='ocrx_word' id='word_1_311' title='bbox 479 5023 599 5084; x_wconf 86' lang='lat' dir='ltr'>qnoque</span> <span class='ocrx_word' id='word_1_312' title='bbox 618 5004 721 5064; x_wconf 87' lang='lat' dir='ltr'>addito</span> <span class='ocrx_word' id='word_1_313' title='bbox 735 5003 908 5086; x_wconf 69' lang='lat' dir='ltr'>prtcuuisap</span> <span class='ocrx_word' id='word_1_314' title='bbox 922 4991 970 5060; x_wconf 80' lang='lat' dir='ltr'>nai</span> <span class='ocrx_word' id='word_1_315' title='bbox 983 4993 1175 5086; x_wconf 71' lang='grc' dir='ltr'>φιλόπατρις),</span> <span class='ocrx_word' id='word_1_316' title='bbox 1197 5008 1228 5060; x_wconf 89' lang='lat' dir='ltr'>et</span> <span class='ocrx_word' id='word_1_317' title='bbox 1240 5001 1346 5060; x_wconf 87' lang='lat' dir='ltr'>Iuniae</span> <span class='ocrx_word' id='word_1_318' title='bbox 1361 5000 1514 5080; x_wconf 82' lang='lat' dir='ltr'>Megistes,</span> 
     </span>
    </p>

    <p class='ocr_par' dir='ltr' id='par_1_13' title="bbox 118 5101 1515 5288">
     <span class='ocr_line' id='line_1_44' title="bbox 188 5101 1515 5182; baseline -0.005 -16"><span class='ocrx_word' id='word_1_319' title='bbox 188 5107 321 5168; x_wconf 85' lang='lat' dir='ltr'>Zenonis</span> <span class='ocrx_word' id='word_1_320' title='bbox 336 5105 492 5169; x_wconf 82' lang='lat' dir='ltr'>Seniensis</span> <span class='ocrx_word' id='word_1_321' title='bbox 514 5106 604 5180; x_wconf 88' lang='lat' dir='ltr'>tiliae,</span> <span class='ocrx_word' id='word_1_322' title='bbox 626 5123 703 5182; x_wconf 91' lang='lat' dir='ltr'>quae</span> <span class='ocrx_word' id='word_1_323' title='bbox 724 5105 774 5165; x_wconf 90' lang='lat' dir='ltr'>hic</span> <span class='ocrx_word' id='word_1_324' title='bbox 795 5122 856 5164; x_wconf 89' lang='lat' dir='ltr'>non</span> <span class='ocrx_word' id='word_1_325' title='bbox 877 5103 997 5181; x_wconf 89' lang='lat' dir='ltr'>quidem</span> <span class='ocrx_word' id='word_1_326' title='bbox 1019 5103 1109 5181; x_wconf 88' lang='lat' dir='ltr'>plena</span> <span class='ocrx_word' id='word_1_327' title='bbox 1129 5109 1258 5174; x_wconf 84' lang='lat' dir='ltr'>exstant,</span> <span class='ocrx_word' id='word_1_328' title='bbox 1280 5101 1393 5161; x_wconf 88' lang='lat' dir='ltr'>sedita</span> <span class='ocrx_word' id='word_1_329' title='bbox 1406 5106 1515 5174; x_wconf 65' lang='lat' dir='ltr'>umeri,</span> 
     </span>
     <span class='ocr_line' id='line_1_45' title="bbox 118 5189 1515 5288; baseline -0.006 -20"><span class='ocrx_word' id='word_1_330' title='bbox 118 5189 122 5196; x_wconf 39' lang='lat'><strong><em>⁴</em></strong></span> <span class='ocrx_word' id='word_1_331' title='bbox 189 5218 221 5268; x_wconf 88' lang='lat' dir='ltr'>nt</span> <span class='ocrx_word' id='word_1_332' title='bbox 248 5209 285 5269; x_wconf 88' lang='lat' dir='ltr'>de</span> <span class='ocrx_word' id='word_1_333' title='bbox 312 5208 358 5269; x_wconf 91' lang='lat' dir='ltr'>eis</span> <span class='ocrx_word' id='word_1_334' title='bbox 384 5207 514 5270; x_wconf 88' lang='lat' dir='ltr'>dubitari</span> <span class='ocrx_word' id='word_1_335' title='bbox 534 5217 679 5287; x_wconf 85' lang='lat' dir='ltr'>nequeat,</span> <span class='ocrx_word' id='word_1_336' title='bbox 705 5206 896 5267; x_wconf 79' lang='lat' dir='ltr'>inveniuntur</span> <span class='ocrx_word' id='word_1_337' title='bbox 916 5205 1004 5265; x_wconf 87' lang='lat' dir='ltr'>etiam</span> <span class='ocrx_word' id='word_1_338' title='bbox 1024 5198 1092 5284; x_wconf 81' lang='grc' dir='ltr'>Ἐφ.</span> <span class='ocrx_word' id='word_1_339' title='bbox 1113 5197 1187 5288; x_wconf 62' lang='lat' dir='ltr'>cipp,</span> <span class='ocrx_word' id='word_1_340' title='bbox 1212 5203 1250 5264; x_wconf 89' lang='grc'>79</span> <span class='ocrx_word' id='word_1_341' title='bbox 1260 5225 1271 5278; x_wconf 67' lang='grc'>,’</span> <span class='ocrx_word' id='word_1_342' title='bbox 1296 5220 1356 5280; x_wconf 92' lang='lat' dir='ltr'>qno</span> <span class='ocrx_word' id='word_1_343' title='bbox 1376 5203 1407 5262; x_wconf 89' lang='lat' dir='ltr'>in</span> <span class='ocrx_word' id='word_1_344' title='bbox 1428 5201 1515 5262; x_wconf 89' lang='lat' dir='ltr'>titulo</span> 
     </span>
    </p>
   </div>
   <div class='ocr_carea' id='block_1_8' title="bbox 0 0 1887 5826">
    <p class='ocr_par' dir='ltr' id='par_1_14' title="bbox 0 0 1887 5826">
     <span class='ocr_line' id='line_1_46' title="bbox 0 0 1887 5826; baseline 0 0"><span class='ocrx_word' id='word_1_345' title='bbox 0 0 1887 5826; x_wconf 95' lang='lat' dir='ltr'> </span> 
     </span>
    </p>
   </div>
  </div>
 </body>
</html>
