3736 5822
327 570 374 644 58
646 505 650 512 .
897 577 1079 630 8888888

325 681 733 700 Μ

325 757 406 822 Saue
427 758 501 816 haec
522 773 593 814 veru
614 753 709 829 magis
731 758 802 810 sunt
822 769 912 827 quam
934 749 996 808 veri
1019 749 1144 820 similia;
1173 748 1317 806 hahemus
1338 746 1418 804 enim
1440 745 1581 808 mulieres
1603 763 1658 821 per

324 867 386 919 tres
408 857 614 935 generationes
636 871 712 931 quae
733 860 852 929 partum
873 850 1020 908 ediderint
1041 857 1110 908 unte
1125 848 1298 908 vicesimum
1315 865 1436 906 annum.
1473 846 1656 923 178188888-

325 969 408 1020 terea
427 957 523 1016 Iuliae
543 954 675 1030 Augusti
695 953 776 1012 filiae
797 952 1029 1027 primogenitum
1051 949 1145 1007 luisse
1168 947 1281 1008 Gaium
1302 957 1403 1007 natum
1426 966 1453 1005 a
1467 947 1527 1006 734
1549 947 1655 1007 filiam·

1503 673 1656 684 ---—.

324 1079 384 1137 qne
404 1059 514 1116 Iuliam
542 1063 702 1134 propterea
729 1054 812 1112 nasci
838 1071 898 1111 non
925 1051 1058 1126 potuisse
1086 1058 1155 1108 ante
1177 1067 1288 1110 aunum
1310 1057 1498 1126 sequentem3
1529 1065 1599 1106 nam
1629 1045 1655 1108 si

324 1159 470 1238 gemellos
492 1157 669 1233 peperisset,
691 1154 723 1212 id
743 1174 804 1214 non
826 1161 983 1211 taceretur.
1026 1149 1106 1208 Vere
1128 1151 1219 1226 igitur
1240 1151 1359 1210 Plinius
1381 1151 1424 1209 ibi
1447 1149 1490 1224 (h.
1513 1169 1541 1207 n.
1559 1148 1653 1221 7,18,

324 1262 391 1337 58),
413 1259 465 1318 ubi
486 1264 613 1316 testatur
634 1255 735 1315 divum
752 1255 923 1331 Augustum
945 1252 1042 1330 neptis
1064 1269 1136 1310 suae
1157 1259 1295 1326 nepotem
1312 1251 1425 1310 vidisse
1447 1249 1654 1327 genitumque

325 1361 456 1422 excessit
475 1376 554 1416 auno
569 1359 610 1415 M.
629 1354 775 1427 Silanum,
797 1355 854 1412 hoc
875 1353 958 1412 addit
979 1353 1017 1412 ad
1036 1350 1189 1429 ‘reliquam
1211 1353 1243 1410 in
1264 1371 1300 1409 eo
1321 1352 1528 1428 exemplorum
1549 1351 1654 1409 rarita-

325 1457 402 1520 tem'.
418 1492 457 1504 -
479 1459 576 1518 Mater
590 1457 748 1533 abnepotis
763 1456 894 1534 Augusti
908 1463 980 1513 natu
995 1453 1118 1514 maximi
1134 1453 1255 1528 natique
1270 1472 1297 1510 a.
1311 1453 1369 1511 767
1393 1471 1540 1530 quaenam
1554 1451 1654 1524 fuerit,

325 1563 437 1620 diserte
457 1578 518 1618 non
534 1557 676 1629 traditum
700 1558 752 1616 sed
765 1557 859 1615 fnisse
872 1555 1035 1614 Aemiliam
1050 1553 1205 1631 Lepidam,
1224 1559 1316 1629 'quam
1332 1563 1506 1630 proneptem
1522 1551 1654 1630 Augusti

326 1661 488 1723 Suetonius
510 1657 632 1735 (Claud.
649 1649 867 1734 26)'appellat‚
890 1656 1002 1714 dudum
1024 1655 1207 1714 intellectum
1230 1661 1285 1712 est.
1320 1653 1398 1714 Nam
1414 1673 1480 1712 cum
1495 1656 1653 1730 Augustus

326 1762 462 1822 hahuerit
485 1770 590 1837 neptes
612 1760 687 1817 duas
709 1765 824 1817 tantum
845 1757 953 1815 Iuliam
976 1764 1006 1815 et
1029 1755 1240 1832 Agrippinam,
1268 1762 1427 1830 proneptes
1448 1762 1546 1814 autem
1569 1763 1654 1832 8881·

325 1871 402 1936 tuor,
424 1861 569 1938 Lepidam
590 1860 674 1918 illam
695 1878 735 1917 cx
755 1858 841 1929 Iulia,
864 1857 1063 1935 Agrippinam
1078 1855 1245 1914 Drusillam
1261 1854 1400 1914 Liuillam
1422 1875 1461 1914 ex
1476 1856 1653 1934 Agrippina,

324 1966 431 2023 harum
456 1963 546 2024 trium
572 1962 685 2020 nnllam
710 1959 741 2017 in
764 1957 936 2020 Silanorum
958 1959 1078 2016 domum
1100 1957 1257 2014 deductam
1279 1975 1347 2015 esse
1370 1965 1496 2015 constat
1540 1955 1654 2016 Contra

324 2063 457 2122 Aemilia
481 2062 597 2141 Lepida
622 2061 806 2138 desponsata
831 2067 899 2118 aute
926 2067 1003 2118 teste
1030 2055 1174 2118 Suetonio
1200 2057 1302 2133 nepoti
1326 2056 1431 2115 Liviae
1453 2057 1500 2116 Ti.
1525 2056 1652 2117 Claudio

324 2161 395 2223 nato
417 2184 444 2222 a.
461 2164 522 2221 744
549 2163 576 2222 ci
598 2162 649 2239 qui
669 2168 776 2237 postea
795 2160 967 2236 imperavit,
995 2177 1063 2217 cum
1088 2158 1114 2216 18
1136 2158 1165 2216 81
1185 2168 1307 2236 propter
1328 2159 1461 2217 offensas
1482 2159 1653 2235 parentium

325 2266 390 2324 eius
412 2265 558 2322 adversus
574 2265 741 2338 Augustum
763 2262 876 2336 optime
894 2261 1062 2320 illustratas
1085 2277 1103 2316 8
1124 2259 1292 2336 Borghesio
1314 2278 1343 2335 p.
1362 2259 1418 2318 187
1443 2269 1511 2318 8818
1533 2259 1652 2338 nuptias

324 2365 461 2427 nuntium
487 2362 667 2433 remisisset,
695 2361 770 2419 nihil
798 2361 911 2432 obstat,
934 2379 994 2436 quo
1023 2360 1121 2418 minus
1151 2377 1223 2418 mox
1250 2360 1369 2435 nuptias
1390 2360 1494 2418 iecerit
1513 2378 1581 2418 cum
1605 2358 1651 2420 Si·

324 2465 394 2523 lano
420 2463 532 2538 aliquo.
575 2462 728 2520 Hactenus
754 2462 845 2538 igitur
866 2458 967 2519 omnia
987 2459 1224 2535 certosstahilita
1245 2468 1315 2519 sunt
1335 2479 1433 2537 neque
1454 2461 1652 2521 dissensionis

324 2583 418 2624 causa
439 2564 509 2622 ulla.
1311 2633 1319 2646 ⁰
1511 2633 1513 2638 Ι

407 2664 449 2724 Ut
470 2664 565 2741 ipsius
586 2661 734 2722 Aemiliae
755 2661 889 2738 Lepidae
910 2663 1041 2739 Augusti
1062 2663 1218 2740 proneptis
1239 2671 1394 2722 auctorum
1416 2664 1468 2739 qui
1490 2671 1651 2740 supersunt

324 2784 401 2826 unus
423 2764 585 2826 Suetonius
609 2763 721 2822 diserte
742 2764 925 2840 meminit¹)‚
947 2765 990 2822 ita
1011 2765 1134 2823 maritus
1156 2762 1279 2824 Silanus
1301 2765 1421 2841 quinam
1443 2764 1543 2838 suerit,
1566 2765 1650 2825 solus

323 2865 485 2926 memoriae
506 2863 675 2941 prodidisse
690 2864 817 2936 videtur,
839 2865 973 2924 scribens
996 2862 1118 2940 (Claud.
1134 2863 1188 2941 29)
1210 2862 1368 2924 Claudium
1390 2865 1467 2924 inter
1481 2866 1558 2924 alios
1574 2866 1651 2926 occi·

323 2969 405 3028 disse
418 2968 477 3042 Ap.
493 2965 628 3027 Silanum
651 2983 843 3051 consocerum
866 2983 963 3024 auum.
1000 2963 1164 3026 Oousoeeri
1186 2967 1265 3024 enim
1287 2967 1313 3024 si
1335 2967 1458 3025 fuerunt
1471 2967 1542 3043 imp.
1559 2964 1650 3028 Glau-

323 3068 391 3127 dius
418 3075 449 3127 et
474 3068 534 3144 Ap.
556 3064 680 3127 Silanus
705 3084 766 3126 cos.
793 3085 820 3124 a.
842 3085 871 3123 u.
892 3085 917 3125 c.
934 3065 991 3125 781
1011 3091 1048 3116 =
1065 3083 1093 3141 p.
1117 3064 1259 3140 08818,
1286 3076 1319 3125 81
1342 3068 1394 3126 1118
1416 3067 1578 3140 Octaviae,
1606 3068 1650 3127 ita

323 3169 372 3228 hic
395 3167 432 3226 L.
459 3166 556 3229 Silani
582 3177 668 3243 pater
693 3167 781 3226 suerit
807 3184 930 3226 necesse
956 3167 1017 3238 e'st3
1043 3166 1079 3226 L.
1108 3165 1244 3226 Silanum
1271 3175 1371 3226 autem
1399 3187 1466 3227 eum
1487 3169 1528 3228 M.
1552 3166 1649 3229 Silani

323 3269 455 3346 Augusti
474 3268 630 3343 abnepotis
651 3268 774 3328 fratrem
794 3267 928 3344 appellet
940 3267 1063 3328 Tacitus
1082 3286 1150 3326 ann.
1169 3269 1261 3340 13,1,
1282 3285 1331 3327 res
1353 3269 1453 3328 decisa
1473 3276 1520 3329 est
1534 3271 1649 3348 nupsit·

322 3389 381 3447 que
403 3370 533 3447 Augusti
559 3369 714 3446 proneptis
740 3379 812 3427 natu
839 3369 972 3444 maxima
992 3371 1052 3444 Ap.
1075 3367 1188 3430 Silano.
1232 3369 1272 3427 Et
1299 3370 1331 3428 in
1357 3371 1414 3429 hac
1439 3369 1558 3446 quidem
1584 3373 1648 3450 opi·

321 3473 410 3532 81888
436 3479 466 3531 81
491 3471 541 3528 ulii
566 3471 686 3546 plurimi
707 3469 925 3547 adquieverunt
949 3479 980 3528 et
1006 3469 1072 3544 ipse
1093 3470 1294 3548 Borghesius,
1322 3471 1431 3541 acrius,
1457 3490 1546 3548 quam
1573 3472 1649 3531 solet

321 3574 368 3632 vir
391 3579 424 3631 ut
444 3572 636 3632 doctissimus
657 3572 701 3630 118
721 3572 912 3642 mitissimus,
938 3570 1159 3648 reprehendens
1181 3570 1361 3631 Brotierium
1384 3591 1438 3647 pro
1461 3574 1520 3649 Ap.
1543 3571 1647 3634 Silano

320 3692 382 3734 cos.
405 3693 432 3732 a
447 3693 477 3750 p.
493 3671 563 3732 Chr.
580 3671 618 3730 88
641 3671 870 3731 substituentem
885 3673 926 3730 M.
941 3668 1078 3730 Silanum
1099 3690 1161 3731 cos.
1184 3691 1212 3732 a.
1227 3691 1257 3749 p.
1272 3670 1344 3732 Chr.
1364 3672 1411 3731 19.
1447 3673 1646 3749 Minimum,

320 3781 353 3832 81
372 3792 476 3832 rerum
501 3773 611 3841 fatear,
637 3770 704 3828 sola
725 3771 913 3830 Brotieriana
937 3772 1041 3848 opinio
1062 3773 1218 3848 probatur,
1244 3774 1368 3849 eiusque
1390 3793 1474 3834 meae
1495 3775 1646 3854 opinionis

320 3882 495 3949 argumenta
515 3873 575 3930 iam
596 3871 764 3930 declarabo.

404 3973 432 4031 1.
474 3973 533 4047 Ap.
554 3968 690 4030 Silanum
718 3989 783 4029 cum
805 3989 998 4033 consocerum
1021 3972 1138 4034 Claudii
1159 3975 1349 4052 imperatoris
1372 3973 1534 4036 Suetonius
1557 3977 1645 4050 dicat,

320 4092 337 4134 a
358 4074 507 4132 contrario
522 4071 705 4149 Apotheosis
720 4079 832 4145 auctor,
853 4073 916 4134 sive
932 4072 1048 4135 Seneca
1060 4075 1086 4134 is
1099 4075 1157 4134 init
1171 4076 1236 4134 sive
1250 4076 1385 4153 aequalis
1399 4077 1486 4150 81188,
1508 4081 1644 4138 88818-

319 4173 466 4251 peratoris
482 4189 618 4232 socerum
633 4172 764 4248 appellat
783 4173 824 4250 (c.
840 4175 902 4250 11),
922 4182 952 4234 et
969 4184 1049 4234 recte
1064 4176 1196 4249 omnino,
1216 4178 1273 4238 etsi
1290 4177 1364 4238 satis
1380 4177 1537 4237 invidiose.
1563 4178 1644 4239 Nam

320 4274 423 4332 uxoris
444 4271 564 4333 Claudii
580 4271 719 4335 Valeriae
740 4273 922 4337 Messalinae
943 4286 1068 4336 matrem
1086 4276 1253 4337 Domitiam
1266 4277 1413 4355 Lepidam
1434 4288 1555 4339 auctore
1576 4280 1644 4355 ipso

319 4373 448 4436 Claudio
470 4393 496 4433 8.
511 4393 538 4432 a
552 4375 590 4433 41
615 4373 754 4450 nupsisse
769 4376 827 4452 Ap.
844 4373 947 4436 Silano
960 4375 1022 4434 Dio
1044 4376 1109 4452 (60,
1127 4378 1179 4454 14)
1200 4377 1291 4437 refert
1311 4379 1413 4455 itaque
1435 4380 1473 4438 ab
1495 4381 1644 4440 eiusmodi

318 4476 463 4552 scriptore
484 4473 606 4534 omnino
626 4493 711 4534 socer
732 4475 788 4534 dici
810 4477 915 4552 potuit,
937 4477 989 4552 qui
1010 4495 1079 4536 rere
1099 4495 1158 4535 non
1179 4485 1265 4554 pater
1286 4485 1365 4538 esset
1388 4482 1503 4554 uxoris,
1525 4482 1580 4540 sed
1601 4483 1644 4540 vi·

317 4577 421 4636 tricus.
461 4575 570 4652 Neque
591 4575 621 4633 id
643 4574 827 4653 Borghesius
849 4595 909 4635 non
929 4577 1092 4649 intellexit3
1114 4577 1167 4637 sed
1189 4589 1347 4655 utrumque
1369 4580 1490 4639 admisit
1510 4582 1643 4660 Appium

318 4688 348 4737 81
368 4694 504 4736 socerum
525 4685 556 4736 et
577 4693 772 4736 consocerum
794 4677 1108 4753 imperatorumue,
1130 4680 1230 4738 minus
1251 4689 1340 4738 recta.
1376 4678 1456 4739 Nam
1478 4701 1546 4742 cum
1563 4691 1642 4744 utra-

393 4920 417 4984 ¹)
449 4921 562 4972 Aemilia
580 4921 679 4986 Lepida
697 4936 762 4986 quae
780 4921 868 4986 888811
885 4923 972 4973 Druso
991 4923 1139 4976 Germanioi
1157 4925 1212 4976 11118
1231 4925 1350 4991 diemque
1368 4927 1433 4978 obiit
1451 4943 1474 4978 8.
1488 4944 1514 4994 8.
1528 4929 1590 4980 Chr.
1605 4931 1640 4983 36

316 5013 423 5065 omnino
441 5013 543 5062 diversa
561 5019 611 5075 sst;
635 5007 711 5062 huius
729 5013 798 5062 enim
816 5013 890 5077 pater
907 5015 1026 5079 proxime
1044 5024 1104 5066 ante
1122 5017 1203 5082 ipsam
1223 5017 1358 5068 defunctus
1377 5026 1415 5069 881
1440 5019 1515 5082 (Tac.
1535 5035 1596 5072 sun.
1613 5021 1638 5083 6,

316 5103 377 5165 40),
400 5118 457 5153 eum
477 5102 591 5167 Lepidae
609 5103 721 5168 Augusti
744 5105 877 5170 proneptis
900 5112 999 5172 patrem
1018 5107 1112 5159 obiisse
1131 5115 1191 5160 ante
1210 5110 1294 5176 lpaum
1314 5109 1458 5174 Augustum
1478 5117 1536 5163 8818
1554 5112 1640 5164 Arra·

315 5193 377 5244 lium
396 5195 456 5244 anni
470 5209 495 5259 p.
510 5193 570 5244 Chr.
587 5193 621 5245 14
639 5193 823 5246 demonstrent.
