3712 5838
346 571 419 642 290
917 581 1114 662 naumann

345 766 379 823 In
401 762 480 821 bello
503 759 624 818 Persico
651 771 727 832 quas
749 762 850 831 partes
872 753 1016 813 Thisbaei
1038 754 1131 812 secuti
1159 755 1220 812 sint
1240 755 1369 833 quidque
1397 775 1452 832 per
1478 775 1515 816 ea
1541 767 1676 834 tempora

345 874 375 924 et
396 869 518 940 propter
539 879 575 918 ea
595 858 741 968 perpessi,
764 857 822 914 iam
846 875 884 914 ex
907 865 1028 914 senatus
1050 858 1188 915 consulto
1210 875 1246 914 eo
1268 857 1386 932 dequo
1408 859 1526 934 agimus
1542 860 1675 920 luculen-

343 975 388 1025 ter
410 969 542 1042 apparet,
565 979 624 1036 quo
640 977 718 1036 quae
733 957 899 1029 traduntur,
923 976 990 1016 cum
1004 959 1053 1016 hic
1074 959 1106 1016 in
1122 958 1220 1018 media
1238 957 1304 1016 luce
1319 958 1489 1035 Polybiane
1511 973 1675 1034 versemur,¹

343 1066 485 1126 facillime
507 1072 536 1120 et
556 1059 731 1136 planissime
753 1059 791 1116 ad
813 1058 984 1116 universum
1003 1077 1101 1118 rerum
1123 1067 1276 1136 gestarum
1298 1060 1433 1118 ordinem
1456 1061 1652 1137 applicantur.

422 1165 540 1224 Bellum
561 1163 716 1220 Persicum
737 1161 836 1236 coepit
858 1179 875 1234 a
897 1159 1020 1220 Boeotis
1045 1161 1176 1237 antiquis
1196 1161 1292 1238 partis
1313 1161 1524 1222 Macedonicae
1546 1173 1674 1222 sectato·

342 1269 425 1326 ribus
448 1275 476 1326 et
495 1285 514 1322 a
527 1265 731 1322 Romanorum
752 1263 894 1320 societate
916 1261 1025 1321 inlesto
1045 1280 1146 1320 eorum
1170 1262 1239 1319 odio
1259 1261 1381 1321 aversis.
1416 1261 1492 1322 Cum
1513 1265 1674 1324 amicitiam

344 1369 487 1428 Romania
510 1366 707 1442 suspiciosam
729 1363 836 1421 Boeoti
864 1381 932 1421 cum
958 1381 1027 1440 rege
1049 1363 1162 1423 Perseo
1188 1362 1341 1436 fecissent,
1369 1363 1497 1422 Romani
1522 1365 1614 1442 legati
1636 1367 1674 1424 ob

343 1490 408 1530 eam
425 1487 547 1528 causam
567 1468 597 1524 in
613 1464 770 1525 Graeciam
786 1459 870 1523 missi
891 1463 998 1523 callide
1013 1473 1198 1542 negaverunt
1212 1483 1245 1523 se
1264 1466 1299 1523 de
1315 1483 1351 1522 ea
1364 1485 1396 1523 re
1410 1484 1477 1524 cum
1493 1465 1674 1526 Boeotorum

343 1571 469 1629 concilio
484 1576 664 1627 tractaturos
680 1584 756 1638 csse,
772 1573 805 1625 ut
819 1567 857 1624 ad
873 1566 1008 1643 singulos
1022 1565 1484 1642 populosearesreiceretur1).
1511 1565 1580 1640 Quo
1594 1566 1674 1626 lacto

343 1691 410 1730 cum
431 1682 461 1729 et
482 1669 618 1728 Thebani
640 1675 671 1724 et
692 1667 895 1743 Thespienses
910 1666 1005 1724 etalii
1020 1667 1140 1742 plurimi
1156 1667 1300 1726 Boeotiae
1314 1668 1419 1744 populi
1434 1668 1586 1727 Romanas
1605 1688 1673 1745 par⁴

343 1783 388 1832 tes
408 1767 664 1848 amplecterentur,
688 1779 748 1827 tres
768 1769 798 1826 in
813 1769 892 1845 regis
907 1767 1101 1826 Macedoniae
1124 1769 1255 1826 amicitia
1268 1753 1504 1845 permanserunt.
1538 1762 1673 1853 llrpraic,

342 1874 489 1951 Polybius
516 1872 558 1930 ait
585 1870 633 1941 Ἠ,
657 1869 693 1940 5,
725 1859 940 1934 πυνθανὲμενοο
966 1861 1005 1925 ἔτι
1035 1863 1112 1929 revela
1136 1871 1192 1925 rain
1217 1867 1246 1925 iv
1268 1872 1303 1947 τῇ
1323 1863 1441 1943 Bormrr'p
1462 1861 1567 1928 πέλεων
1589 1865 1672 1929 ἀντέ-

342 1972 463 2055 «χεο-ἓαν
485 1975 535 2043 τῆς
557 1967 624 2056 apic
641 1964 726 2026 αὐτδν
748 1961 855 2029 εὐνοίας
869 1961 1028 2046 Ἀντίγονον
1050 1961 1235 2051 ἐξαπέστειλε
1258 1965 1305 2027 τδν
1318 1963 1512 2054 Ἀλεξάνδρου
1527 1964 1670 2055 πρεσβευ-

341 2069 402 2146 τήν,
427 2065 459 2134 ilc
488 2064 536 2131 nal
563 2062 791 2154 παραγενομενων
818 2071 856 2128 ric
882 2065 1018 2130 Βοιωποδς
1044 2065 1098 2132 τας
1124 2060 1173 2134 μὲν
1198 2061 1293 2130 ἄλλας
1317 2061 1415 2132 rre'ierc
1440 2075 1550 2154 παρῆκε
1570 2068 1617 2132 δαὶ
1640 2070 1670 2131 ri

341 2167 494 2248 μηδεμίαν
510 2166 639 2258 α’φορμῆν
670 2161 833 2236 λαμβάνειν
865 2170 1028 2242 ἐπιπλοκῆς,
1060 2172 1098 2231 εἷς
1130 2161 1161 2228 δὲ
1187 2163 1342 2256 Κορώνειαν
1368 2163 1417 2230 nal
1445 2165 1552 2244 Orissac
1579 2165 1617 2232 ἔπι
1644 2169 1670 2232 δ’

339 2273 485 2362 Ἁλίαρτον
520 2271 663 2333 &rabbula
693 2262 870 2354 παρεκάλεσε
898 2268 964 2331 rarle
990 2263 1164 2355 ἀνθρώπους
1191 2265 1376 2350 ‹irripere-Sat
1403 2277 1453 2345 τῆς
1478 2271 1547 2358 apic
1575 2281 1670 2333 Μακε-

342 2369 427 2440 δονας
453 2371 573 2438 rivola·
600 2379 656 2434 rain
686 2363 715 2432 δὲ
747 2368 905 2458 προθύμως
931 2366 1152 2450 ἀποδεχομένων
1177 2367 1214 2432 τὰ
1241 2367 1384 2450 aspernere
1409 2367 1456 2433 real
1486 2370 1671 2460 πρενβευπεές

342 2472 554 2558 ψηφισαμένων
580 2470 697 2542 mirarem
723 2478 761 2538 εἰς
787 2467 966 2534 Μακεδονίαν
994 2461 1073 2534 οὗτος
1099 2463 1147 2542 μὲν
1174 2468 1349 2532 ἀπέπλευσε.
1393 2479 1431 2536 In
1457 2497 1518 2554 quo
1544 2480 1611 2537 loco
1639 2480 1670 2538 in

309 2657 313 2668 Ι
342 2585 440 2642 verbis
460 2601 536 2659 quae
558 2591 626 2639 sunt
647 2570 695 2636 ael
710 2570 816 2650 &iliae
837 2587 967 2636 erratum
989 2594 1056 2636 esse
1077 2576 1189 2635 dudum
1211 2576 1360 2635 intellexit
1373 2575 1582 2652 casaubonus,
1603 2599 1669 2639 cum

344 2685 443 2744 statim
467 2684 556 2742 addat
584 2689 688 2739 auctor
713 2681 830 2740 easdem
861 2679 996 2738 civitates
1021 2678 1205 2754 praesidium
1232 2677 1373 2755 petivisse
1399 2699 1417 2739 a
1442 2699 1614 2759 rege,aquo
1636 2699 1669 2738 se

344 2785 536 2844 defenderent
562 2801 580 2838 a
602 2782 754 2838 Thebanis
783 2761 818 2838 eo
844 2789 977 2856 tempore
1000 2779 1125 2836 ducibus
1147 2779 1242 2854 partis
1263 2779 1417 2839 adversae.
1448 2781 1524 2839 'Iam
1546 2791 1671 2860 apparet

341 2887 431 2944 rerba
452 2885 503 2941 illa
524 2901 582 2940 non
605 2881 732 2939 delenda
753 2899 828 2954 esse,
851 2881 880 2940 id
901 2879 980 2956 quod
1001 2879 1113 2956 placuit
1128 2877 1319 2950 Casaubono,
1340 2881 1393 2939 aed
1409 2881 1569 2958 Polybium
1590 2891 1670 2942 recte

342 2985 570 3062 coniungentem
594 2981 730 3041 civitates
754 2981 829 3039 duaa
858 2982 1000 3040 finitimas
1024 2980 1066 3056 (p.
1082 2979 1141 3039 289
1164 3001 1193 3039 n.
1212 2981 1245 3056 3)
1268 2983 1426 3057 scripsisse
1444 2973 1492 3040 ael
1512 2975 1669 3066 Κορώνειαν

340 3077 387 3145 aul
420 3078 544 3150 Θιόβαε.
592 3083 670 3143 Nam
702 3102 799 3158 neque
826 3082 959 3141 Thisbae
992 3083 1030 3140 ab
1059 3100 1097 3140 eo
1130 3083 1217 3140 tacite
1248 3085 1405 3158 praeteriri
1433 3087 1605 3159 potuerunt,
1639 3097 1669 3143 et

340 3189 480 3248 facillime
503 3188 580 3245 inter
604 3204 635 3243 se
659 3194 864 3260 permutantur
885 3185 1001 3242 litterae
1029 3199 1058 3243 rc
1084 3189 1114 3241 et
1136 3197 1178 3241 re.
1224 3181 1284 3243 Sed
1311 3203 1395 3243 error
1421 3192 1468 3244 est
1495 3187 1669 3262 antiquissi-

341 3309 416 3362 mus,
439 3309 505 3347 cum
529 3289 625 3363 ipsum
648 3285 768 3344 Livium
794 3286 943 3361 deceperit
965 3286 1009 3344 sic
1031 3284 1085 3342 illa
1105 3284 1276 3342 reddentem
1300 3283 1355 3357 42,
1383 3285 1439 3357 46,
1468 3287 1499 3344 7:
1531 3287 1668 3345 Boeotiae
1726 3331 1733 3346 .

340 3411 449 3468 quoque
471 3394 596 3448 ciuitates
619 3389 723 3466 (legati
746 3387 863 3462 Persei)
886 3398 912 3446 et
933 3387 1040 3444 Thebas
1061 3395 1087 3443 et
1113 3384 1268 3445 Coroneam
1290 3397 1316 3444 et
1335 3387 1505 3446 Haliartum
1526 3390 1668 3459 adimunt,

339 3493 440 3568 quibas
462 3509 621 3566 expressam
649 3493 744 3547 inuitis
767 3490 993 3559 eristimabatar,
1020 3496 1052 3545 at
1077 3487 1177 3546 relicta
1199 3491 1279 3563 reqia
1303 3491 1436 3546 coactata
1457 3489 1594 3547 Romanis
1615 3492 1667 3548 ad·

339 3598 529 3668 temperentur.
576 3591 702 3648 Thebani
722 3590 796 3646 niliil
817 3593 885 3647 raeti
905 3599 980 3659 sant,
1008 3606 1179 3663 quamquam
1199 3589 1330 3647 nonnihil
1351 3599 1378 3647 et
1398 3593 1541 3648 damnatis
1558 3595 1666 3667 princi-

336 3695 421 3770 pibus
443 3704 470 3752 et
488 3696 624 3750 rectitatis
646 3691 774 3748 caelibes
796 3690 994 3748 succensebant
1014 3690 1161 3747 Romanis.
1199 3687 1341 3748 Coronaei
1361 3700 1388 3749 et
1402 3691 1548 3750 Haliartii
1561 3693 1668 3765 sarcre

338 3798 461 3872 quodam
488 3798 573 3852 insito
600 3797 629 3850 in
655 3809 735 3866 repca
763 3791 871 3867 lepatca
898 3794 928 3846 in
950 3791 1150 3847 Macedoniarn
1176 3793 1312 3848 miserant
1331 3794 1510 3866 praesidium
1533 3801 1668 3867 petentes,

338 3917 393 3974 qao
421 3916 450 3955 ee
477 3897 615 3954 adsersus
641 3897 814 3968 impotentem
842 3892 1004 3966 snperbiam
1034 3890 1227 3948 silebanorara
1255 3895 1328 3947 tueri
1351 3896 1468 3966 possiet.
1514 3893 1550 3951 Id
1576 3893 1669 3971 igitur

337 4000 436 4074 ipsum
458 3997 538 4073 quod
560 3995 638 4072 apud
653 3992 813 4068 Polybium
836 4008 891 4050 nos
913 3991 1052 4067 legimus,
1074 3993 1163 4049 etiam
1178 3990 1284 4050 Livius
1305 3992 1386 4068 legit,
1408 3993 1488 4068 quod
1511 4011 1577 4051 cum
1600 4014 1667 4070 per-

338 4117 457 4157 versum
479 4115 547 4154 ease
569 4094 759 4170 perspiceret,
782 4099 814 4150 ut
836 4093 937 4167 aliquo
959 4093 1047 4150 modo
1068 4110 1135 4150 sese
1157 4093 1321 4169 expediret,
1347 4093 1548 4152 narrationem
1569 4094 1612 4152 ita
1634 4103 1669 4153 ut

339 4199 467 4258 vidimus
489 4196 664 4265 immutavit,
690 4210 763 4252 usus
786 4193 832 4251 vel
855 4191 955 4270 potius
977 4193 1090 4252 abusus
1112 4194 1157 4266 iis¹
1172 4211 1249 4269 quae
1271 4194 1307 4252 de
1329 4194 1541 4270 Thebanorum
1561 4194 1667 4255 factio·

337 4302 423 4363 nibus
446 4297 548 4378 paullo
570 4303 637 4354 ante
659 4305 850 4371 exposuerat.

417 4402 503 4460 Haec
523 4399 602 4458 lacta
629 4404 699 4455 sunt
720 4396 816 4454 hieme
838 4415 864 4454 a.
889 4417 916 4455 u.
940 4415 964 4455 c.
988 4393 1091 4480 582l3.
1133 4393 1251 4454 Bellum
1273 4396 1380 4456 deinde
1401 4415 1469 4456 cum
1490 4401 1667 4474 exarsisset,

338 4501 429 4563 classi
457 4501 626 4580 praefectus
656 4497 691 4558 C.
719 4496 880 4557 Lucretius
907 4506 1029 4575 praetor
1055 4514 1158 4555 mense
1184 4496 1270 4555 Iunio
1299 4497 1379 4572 (Lir.
1409 4497 1459 4570 42,
1488 4499 1537 4572 35,
1565 4500 1599 4575 3)
1627 4485 1667 4558 err

337 4605 427 4664 Italia
455 4605 485 4661 in
511 4603 640 4662 insulam
668 4598 893 4677 Cephalleniam
919 4598 1072 4676 profectus
1098 4599 1167 4656 inde
1193 4598 1314 4656 fratrem
1341 4599 1475 4657 Marcum
1497 4619 1564 4659 cum
1585 4602 1667 4660 nari·

336 4707 392 4767 bus
408 4703 580 4766 Chalcidem
602 4702 692 4773 misit,
716 4699 792 4759 unde
814 4700 840 4759 is
862 4700 893 4756 in
915 4699 1071 4758 Boeotiam
1094 4700 1249 4777 ingressus
1271 4700 1373 4775 copias
1387 4699 1559 4760 Haliartum
1580 4702 1668 4762 duxit

337 4809 375 4866 ad
402 4805 544 4884 oppidum
571 4801 812 4880 oppugnandum.
858 4800 929 4878 Ipse
955 4810 1074 4878 praetor
1102 4820 1168 4860 cum
1196 4819 1257 4859 uua
1282 4800 1394 4859 triremi
1423 4819 1442 4859 a
1470 4800 1668 4879 Cephallenia

336 4909 472 4968 breviore
493 4908 543 4965 ria
564 4924 617 4982 per
639 4905 736 4963 sinum
758 4901 982 4962 'Corinthiacum
1008 4903 1038 4960 in
1060 4901 1217 4989 Boeotiam
1237 4903 1391 4979 ingressus
1413 4899 1558 4964 Creusam
1586 4905 1668 4963 venit

337 5091 539 5102 ——-

415 5210 437 5270 ¹)
463 5211 519 5260 Lir.
533 5211 577 5272 42,
594 5212 636 5272 12,
652 5211 677 5260 5.
697 5227 718 5260 c.
734 5213 778 5272 40,
793 5211 818 5260 6.
838 5227 860 5261 c.
879 5211 923 5260 ta.
943 5211 986 5261 44.
1011 5209 1203 5274 Ρο]ν1).27,2.
