3712 5838
554 533 852 590 cusnnvsrronns
869 537 988 590 neren.
1008 539 1070 589 xv.
1402 529 1475 602 293

151 706 231 784 quod
253 705 400 765 eiusmodi
426 704 517 781 legati
539 706 729 770 nominantur
749 708 787 765 ab
809 725 845 765 eo
866 707 1060 784 magistratu,
1087 710 1138 785 qui
1163 719 1284 771 mustus
1308 719 1478 780 consultum

152 807 182 866 id
204 824 265 885 quo
286 806 433 868 nominari
454 805 593 865 iubentur
612 806 693 880 lecit,
714 808 748 866 fit
769 827 808 866 ex
823 808 1036 868 consuetudine
1050 808 1188 868 Romanu
1207 810 1288 886 (Liv.
1303 815 1353 888 43,
1372 820 1478 896 1‚10).

234 907 408 1006 Posteriora
434 908 719 966 senatusconsulto
746 909 838 967 verbu
862 909 1040 968 facientibus
1067 910 1172 968 iisdem
1199 911 1359 974 Thisbaeis
1384 923 1479 996 partis

151 1009 305 1068 Romanae
325 1007 458 1084 quinquo
478 1006 551 1066 viris
572 1007 621 1078 iis,
642 1025 719 1085 quos
740 1008 859 1067 interim
881 1027 900 1066 u
912 1016 1051 1085 praetore
1073 1011 1242 1070 nominatos
1263 1030 1332 1073 esse
1352 1034 1480 1080 consen·

41 1117 45 1130 ·
153 1119 272 1167 terreum
294 1115 355 1182 est,
383 1125 402 1165 a
422 1115 527 1166 senatu
547 1108 778 1184 praescribitur,
804 1109 876 1184 quid
903 1109 935 1166 in
956 1110 1045 1168 rebus
1066 1110 1285 1170 Thisbaeorum
1307 1117 1479 1181 ordinandis

152 1210 238 1285 sequi
253 1226 306 1267 eos
321 1215 466 1284 oporteat.
499 1207 540 1265 Et
554 1207 591 1266 de
612 1209 709 1284 cupite
722 1209 820 1286 primo
842 1208 885 1284 (v.
904 1208 1038 1285 17-20)
1059 1229 1162 1268 verum
1176 1212 1252 1270 vidit
1272 1213 1332 1273 iam
1347 1215 1478 1278 Foener-

152 1317 211 1368 tue.
254 1308 473 1368 Thisbaeorum
495 1327 568 1386 eger
583 1325 650 1367 cum
668 1327 722 1384 per
735 1308 916 1367 deditionem
931 1309 1134 1368 Romanorum
1155 1310 1252 1372 fuctus
1274 1324 1356 1375 esset
1375 1335 1479 1380 seeun-

152 1409 223 1467 dum
245 1416 347 1467 notun
367 1407 527 1467 formulam
555 1407 636 1484 (Liv.
661 1409 688 1479 1,
709 1409 758 1481 38,
778 1407 826 1484 2):
855 1411 993 1468 deditisne
1019 1428 1070 1469 uos
1092 1413 1286 1488 populumque
1307 1414 1480 1480 Collatinum

153 1511 248 1569 urbem
262 1527 350 1584 equos
364 1527 472 1584 equom
486 1511 618 1568 turuiuos
640 1509 760 1567 delubra
773 1511 907 1568 utensilia
920 1511 1019 1568 diuina
1037 1510 1213 1587 lumeueque
1226 1519 1320 1572 omniu
1341 1519 1371 1576 iu
1391 1537 1482 1580 moue

150 1611 309 1686 populique
334 1609 458 1668 Romani
490 1609 644 1667 dieiouerul
669 1604 831 1668 ‘Dedimus'.
875 1609 917 1668 Ae
946 1617 1001 1685 eqo
1028 1614 1150 1686 recipio,
1183 1612 1244 1685 vel,
1271 1621 1304 1672 ut
1328 1625 1376 1676 est
1401 1621 1481 1697 opud

154 1709 314 1786 Polybium
337 1708 386 1782 36,
408 1710 428 1767 4
450 1707 509 1786 [2]:
532 1699 633 1792 χώραν
715 1698 764 1765 καὶ
785 1699 881 1766 ero'leee
903 1751 956 1768 ....
980 1698 1148 1792 ἇνδραςκαῖ
1164 1714 1305 1786 «γυναῖκας
1391 1741 1482 1776 ποτα.

153 1804 224 1880 μοῦι
243 1799 357 1886 univer
376 1803 437 1892 ἱερὰ
457 1804 580 1884 τάφους,
602 1809 662 1867 iam
684 1825 756 1885 eger
775 1809 813 1868 iis
827 1808 970 1881 redditur,
993 1809 1130 1868 similiter
1147 1819 1237 1886 atque
1252 1813 1482 1884 Plurasensibue

154 1919 185 1970 el
196 1909 481 1988 Aphrodisiensibus
502 1911 684 1982 conceditur,
705 1899 779 1968 ὅπως
799 1905 816 1978 ἦ
831 1898 914 1970 πᾶλις
927 1897 974 1965 καὶ
997 1907 1162 1966 sinelicium
1177 1915 1347 1980 ....uwuu'r⁴v
1369 1916 1483 2000 χωρίων

154 2006 349 2093 ὅχυρωμάτων
370 2005 438 2093 ὅρων
460 2000 604 2092 πρισόδων
628 2004 698 2092 reple
718 2003 767 2082 τὴν
788 2001 887 2085 φιλίαν
907 1998 939 2065 ri
962 2005 1021 2085 [ἐφ’
1042 2005 1121 2086 ἧμ]ῒν
1142 2010 1282 2092 κρατῶσιν
1306 2012 1357 2089 (C.
1379 2016 1405 2075 I,
1428 2017 1482 2078 Gr,

153 2109 262 2190 Ι2737).
304 2110 451 2169 Redditur
477 2118 577 2168 cutem
604 2128 676 2187 ager
701 2111 759 2182 its,
786 2116 819 2167 ut
843 2109 953 2168 habere
974 2107 1079 2182 beent,
1106 2127 1166 2167 non
1194 2120 1349 2173 uteorum
1372 2118 1426 2189 sit,
1452 2119 1484 2178 id

156 2221 204 2271 est
222 2211 280 2270 hoe
301 2211 462 2270 Thisbaeis
483 2210 633 2282 tribuitur,
655 2217 687 2269 ut
708 2227 812 2286 sffum
836 2229 924 2286 quem
946 2219 1015 2268 ante
1036 2209 1148 2268 bellum
1168 2209 1354 2288 habuissent,
1375 2225 1484 2292 postea

155 2329 275 2388 quoque
305 2311 450 2371 haberent
479 2328 539 2368 non
571 2311 759 2371 dominorum
795 2310 879 2382 loco,
912 2310 966 2368 sed
1002 2326 1231 2385 possessorum
1269 2331 1366 2390 neque
1396 2316 1484 2378 liber·

156 2420 248 2472 tatem
272 2411 433 2489 accipiunt,
463 2411 517 2470 sed
541 2411 718 2488 rediguntur
741 2411 820 2469 inter
843 2411 981 2468 civitates
1006 2408 1214 2486 stipendiarius
1242 2411 1284 2487 (v.
1309 2414 1487 2494 Marqnardt

156 2513 267 2572 enchir.
284 2511 314 2582 3,
331 2513 358 2583 l,
376 2509 459 2588 265).
474 2543 516 2554 --
538 2511 616 2570 Tum
638 2507 815 2588 [τι]μι[ν]υῖν
836 2526 927 2586 quam
949 2497 1123 2588 [λι]με’[ν]ων
1143 2509 1309 2572 Foueartus
1329 2519 1488 2594 proposuit

156 2613 214 2672 hoe
235 2611 422 2689 praeferens,
450 2609 530 2686 quod
551 2611 649 2688 eapite
671 2619 815 2686 sequente
836 2620 943 2688 agatur
966 2609 1003 2666 de
1024 2609 1162 2687 templis3
1189 2617 1277 2670 uteo
1299 2616 1398 2690 eapite
1418 2634 1486 2676 eum

155 2719 264 2788 agatur
282 2711 318 2768 de
340 2709 533 2782 sacerdotiis,
559 2711 608 2769 bic
628 2710 754 2770 delubra
773 2710 871 2768 omitti
891 2718 1057 2784 nequeunt,
1085 2729 1153 2769 eum
1174 2712 1255 2788 quod
1277 2713 1385 2774 adsunt
1405 2716 1486 2794 apud

156 2812 278 2870 Livium
299 2818 330 2868 et
346 2809 517 2886 Polybium,
539 2820 604 2869 tum
625 2810 705 2886 quod
725 2811 793 2888 ipss
812 2827 861 2869 res
882 2810 1018 2884 requirit,
1041 2816 1075 2868 ut
1095 2799 1267 2870 universum
1288 2814 1386 2874 solum
1407 2817 1488 2894 quod

157 2911 215 2970 fuit
241 2909 346 2988 populi
375 2927 442 2969 sese
468 2909 602 2969 dedentis
631 2919 691 2970 tem
719 2927 838 2970 sacrum
864 2928 955 2986 quum
980 2911 1140 2987 profanum
1167 2912 1273 2971 victori
1296 2915 1401 2993 populi
1421 2934 1488 2992 pcr-

158 3013 301 3070 mitiatur.
345 3007 447 3083 Quare
474 3028 655 3087 quamquam
681 3011 770 3070 ctiam
792 3016 897 3089 portus
916 3018 997 3068 reete
1022 3010 1071 3069 hic
1091 3011 1189 3071 locum
1210 3013 1322 3073 habere
1341 3017 1440 3092 potuit
1459 3025 1490 3076 et

158 3110 286 3188 pluralis
300 3110 429 3170 fouere
450 3112 599 3182 excusari,
620 3111 713 3170 malui
727 3111 826 3169 locum
848 3110 920 3168 dare
942 3111 1083 3186 antiquae
1105 3117 1136 3168 et
1149 3111 1313 3172 edendae
1332 3114 1488 3175 formulae.

159 3201 299 3294 Πρόσοδοι
320 3210 433 3270 reditus
455 3217 538 3282 sunt,
566 3227 644 3286 quos
665 3209 795 3287 populus
817 3227 883 3268 sese
904 3208 1015 3268 dedens
1037 3226 1077 3266 ex
1099 3210 1167 3268 solo
1188 3228 1249 3268 non
1270 3229 1326 3269 suo
1346 3215 1490 3292 percepit,

161 3319 287 3388 utputa
307 3311 419 3370 tributa
438 3327 544 3387 regum
572 3309 618 3368 vel
643 3311 823 3387 populorum
849 3308 909 3385 ipsi
936 3307 1132 3367 subditorum.
1174 3299 1261 3391 “Ope
1286 3310 1334 3368 vel
1361 3304 1418 3394 ὅροι
1445 3313 1491 3388 (id

164 3413 242 3472 enim
263 3409 477 3471 restituendum
498 3427 565 3469 esse
586 3426 678 3488 supra
695 3428 725 3485 p.
739 3408 798 3468 286
815 3405 874 3468 nl
891 3407 1033 3483 vidimus)
1051 3408 1234 3484 respondent
1250 3410 1385 3470 terminia
1399 3411 1490 3485 Livii,

161 3506 239 3596 iperi
253 3511 348 3572 titulis
369 3512 459 3571 modo
479 3511 572 3569 citati.

243 3610 351 3690 Cupite
378 3610 508 3671 seeundo
535 3609 577 3685 (v.
606 3607 754 3686 20-24)
782 3616 904 3668 caretur
931 3608 968 3666 dc
994 3608 1218 3684 magistratibus
1246 3616 1277 3668 et
1305 3613 1491 3686 sacerdotiis,

160 3714 233 3772 item
259 3712 297 3770 de
321 3711 521 3789 vectigalibus
547 3710 676 3787 publicis
702 3708 955 3780 administrandis.
1003 3707 1047 3767 Ut
1078 3726 1116 3768 ea
1141 3709 1242 3768 omnia
1268 3710 1300 3768 iu
1328 3728 1384 3770 suo
1411 3720 1492 3772 stetu

162 3820 311 3882 maneant,
332 3812 365 3870 id
385 3818 432 3870 est
452 3821 485 3869 ut
505 3828 576 3869 sues
596 3810 679 3886 leges
702 3808 847 3869 Thisbaei
869 3809 1025 3882 retineant,
1048 3826 1108 3866 non
1128 3817 1188 3866 tam
1210 3811 1381 3869 enuntiatur
1401 3829 1492 3886 quam

161 3913 253 3972 tacite
274 3911 440 3971 admittitur
455 3911 628 3969 condicione
647 3910 799 3984 impositu,
821 3919 854 3968 ut
872 3927 927 3984 per
945 3908 1046 3968 decem
1067 3926 1163 3968 annos
1177 3909 1333 3984 proximos
1347 3909 1493 3970 Thisbsei

162 4014 184 4072 ii
206 4013 275 4085 soli,
300 4013 442 4088 quiante
464 4011 717 4089 oppugnationem
745 4009 849 4087 oppidi
874 4009 912 4068 ed
932 4009 1087 4070 Romanoa
1109 4008 1322 4082 descivissent,
1348 4010 1380 4069 in
1400 4010 1491 4070 rebus

164 4123 194 4172 et
219 4111 417 4190 vectigalibus
445 4110 574 4188 publicis
601 4108 847 4170 administrandis
873 4117 1043 4181 versentur,
1074 4109 1183 4186 reliqui
1208 4129 1263 4169 nec
1287 4110 1416 4170 honores
1444 4130 1494 4171 oa·

164 4222 291 4291 pussant
310 4230 365 4271 nec
386 4211 523 4289 publicos
544 4211 658 4271 reditus
680 4217 814 4270 uacent
845 4208 930 4269 Haec
951 4229 1050 4286 poene
1070 4219 1116 4269 est
1136 4219 1224 4269 extra
1244 4211 1379 4271 ordinem
1399 4212 1493 4272 sociis

162 4312 379 4373 Haliartiorunr
401 4321 433 4370 et
453 4310 676 4371 Coronaeorum
697 4311 852 4388 impositn;
878 4309 953 4368 illud
975 4317 1073 4368 autem
1095 4309 1184 4368 etiam
1206 4311 1244 4368 ad
1265 4313 1398 4387 reliques
1419 4312 1494 4370 civi-

165 4423 242 4474 tates
270 4411 480 4490 stipendiarius
507 4411 626 4471 ridetur
650 4411 814 4489 pertinere,
846 4409 928 4485 quod
951 4409 1059 4470 iisdem
1086 4426 1159 4474 suae
1185 4409 1268 4485 leges
1295 4428 1356 4468 non
1382 4410 1493 4468 diserte

164 4513 336 4586 redduntur,
362 4513 416 4572 sed
437 4511 584 4590 precario,
611 4529 666 4570 nec
691 4529 760 4569 raro
779 4510 909 4568 fortasse
934 4509 965 4566 in
987 4516 1103 4586 tempus
1131 4515 1255 4580 tuntum,
1277 4509 1492 4585 relinquantur.

165 4613 272 4690 Neque
298 4613 377 4672 enim
403 4630 440 4671 eo
466 4611 608 4672 differunt
632 4610 769 4670 civitates
792 4609 1004 4688 stipendiariae
1026 4627 1045 4666 a
1065 4607 1181 4681 liberis,
1208 4608 1289 4684 quod
1317 4625 1387 4667 suus
1409 4609 1492 4686 leges

165 4714 236 4774 illae
261 4731 323 4772 non
343 4713 456 4772 hubent
480 4712 523 4788 (r.
545 4710 721 4787 Merquardt
745 4711 766 4768 l.
788 4709 844 4784 e),
873 4709 927 4768 sed
951 4708 1032 4784 quod
1058 4707 1104 4766 his
1131 4707 1157 4766 si
1183 4709 1336 4784 nen‘iege
1362 4709 1492 4784 publicu,

166 4821 248 4875 certe
272 4821 395 4873 senatus
422 4813 557 4873 consulto
585 4812 813 4882 confirmantur,
837 4809 899 4868 illis
925 4809 968 4868 ita
993 4808 1216 4885 relinquuntur,
1244 4815 1278 4866 ut
1302 4807 1430 4866 liberum
1454 4808 1494 4866 sit

167 4913 286 4976 senatui
306 4929 359 4974 eus
380 4931 449 4973 cnm
470 4913 543 4971 velit
561 4913 600 4970 iis
622 4911 762 4970 adimere.

249 5011 351 5092 Caput
371 5015 490 5073 tertium
513 5013 555 5089 (v.
579 5009 716 5087 25-27)
737 5012 818 5070 bona
838 5011 957 5086 privata
977 5008 1021 5067 ita
1040 5009 1204 5079 condrmst,
1230 5015 1263 5066 ut
1283 5015 1401 5066 maneat
1422 5001 1493 5067 item

169 5115 350 5190 stipendium
372 5123 461 5174 antee
486 5115 524 5174 iis
551 5112 732 5192 impositum.
775 5111 873 5170 Aliter
900 5110 978 5170 enim
1003 5110 1095 5168 verba
1121 5107 1309 5168 aFoucnrto
1335 5125 1395 5167 non
1414 5119 1493 5168 recte

1249 5209 1287 5268 ul
