3736 5822
341 537 365 605 4
763 551 969 603 urnausnrs
995 550 1253 602 nersnnrnrcn.

430 720 543 785 Habet
573 729 683 785 autern
710 727 747 784 ut
775 740 859 805 opus
882 719 929 782 ita
953 719 1156 783 continuatio
1181 742 1274 785 suam
1298 718 1536 785 difficultatem.
1582 718 1669 783 Nom

342 834 573 922 supplementa
603 857 679 898 cum
707 843 744 898 ιιι
771 834 881 918 ipsum
905 831 1036 918 Corpus
1067 832 1246 899 secundum
1269 835 1422 921 regiones
1446 833 1671 900 distribuenda

342 950 425 1032 sint,
456 949 632 1036 quotannis
660 947 881 1035 particulatim
910 946 961 1012 edi
986 971 1053 1012 non
1076 955 1233 1032 possunt3
1263 970 1369 1033 neque
1394 947 1596 1013 onerandum
1621 957 1671 1014 est

343 1062 474 1149 Corpus
509 1064 536 1128 I.
572 1063 613 1128 L.
657 1061 954 1127 additamentorum
988 1061 1154 1127 fasciculis
1187 1069 1324 1146 propter
1357 1062 1465 1148 ipsum
1500 1085 1670 1127 numerum

341 1179 509 1260 molestis,
544 1199 650 1261 neque
687 1174 973 1257 committendum,
1008 1184 1046 1240 ut
1080 1175 1122 1240 ad
1154 1176 1261 1261 prima
1295 1198 1443 1260 quaeque
1479 1177 1671 1265 apographa

341 1292 534 1379 plerumque
564 1291 796 1377 inscriptiones
826 1291 859 1355 in
890 1312 928 1354 eo
953 1285 1214 1375 edantursaepe
1237 1288 1496 1356 mendosissime.
1542 1291 1670 1358 Rursus
1721 1355 1724 1362 .

341 1416 451 1472 autem
480 1429 680 1492 magnopere
710 1405 889 1491 optandum
921 1412 989 1486 est,
1019 1414 1057 1469 ut
1074 1404 1114 1470 'si
1141 1427 1208 1469 non
1241 1405 1349 1470 omnia
1372 1414 1461 1471 certe
1484 1406 1615 1490 potiora
1637 1413 1670 1470 et

341 1501 494 1608 gravioia
517 1543 591 1586 cum
614 1519 730 1584 harum
755 1542 862 1584 rerum
887 1517 1043 1584 studiosis
1068 1518 1219 1584 omnibus
1243 1541 1341 1604 qnam
1365 1519 1505 1605 primum
1526 1541 1671 1585 commu-

341 1637 501 1700 nicentur.
548 1635 642 1699 Haec
671 1632 802 1699 diversa
831 1641 864 1698 et
891 1631 1133 1718 quodammodo
1164 1634 1327 1698 contraria
1353 1642 1391 1697 ut
1418 1642 1576 1720 quantum
1599 1633 1670 1698 lieri

341 1758 452 1835 potest
482 1747 752 1830 conciliarentur,
783 1747 964 1814 Academia
991 1769 1074 1832 quae
1103 1770 1190 1812 nova
1214 1747 1282 1813 sive
1305 1747 1340 1812 in
1363 1747 1456 1814 libris
1481 1747 1577 1814 editis
1601 1748 1670 1813 sive

341 1864 491 1950 epistulis
520 1864 664 1928 virorum
694 1862 865 1927 doctorum
897 1861 1073 1926 afferantur
1102 1861 1210 1927 statim
1239 1862 1416 1928 examinari
1448 1862 1544 1929 iussit
1574 1871 1607 1928 et
1636 1863 1670 1926 iu

342 1978 545 2043 collectanea
568 1978 692 2059 referri,
717 1976 891 2042 editionem
915 1997 993 2042 vero
1018 1976 1319 2062 supplementorum
1342 1999 1409 2042 non
1432 1976 1503 2041 lieri
1526 1977 1589 2043 nisi
1610 1999 1672 2063 per

341 2092 515 2158 intervalla
544 2092 668 2158 maiora
700 2100 733 2156 et
764 2091 975 2176 postmodum
1007 2090 1137 2156 demum
1165 2099 1265 2176 prout
1298 2114 1336 2156 ea
1365 2091 1587 2156 succreverint
1615 2089 1671 2156 de-

340 2205 503 2288 finienda,
531 2207 660 2270 interim
685 2228 763 2270 vero
788 2227 843 2285 ea,
873 2206 993 2289 quibus
1015 2203 1197 2268 litterarum
1223 2205 1417 2270 Latinarum
1441 2205 1581 2271 studiosi
1604 2228 1671 2270 non

342 2321 412 2384 sine
435 2317 643 2382 incommodo
667 2317 792 2382 diutius
817 2327 968 2398 careant,
999 2317 1110 2382 statim
1138 2317 1190 2382 edi
1214 2317 1424 2402 ephemeride
1448 2316 1546 2382 adid
1569 2340 1670 2382 ununr

342 2433 516 2498 destinata.
562 2431 646 2496 Eius
675 2431 801 2518 negotii
832 2439 866 2495 et
895 2432 1036 2495 maxime
1068 2429 1286 2516 ephemeridis
1316 2429 1464 2496 edendae
1487 2454 1599 2497 euram
1630 2433 1670 2497 iis

341 2547 550 2633 potissimum
584 2544 818 2626 demandavit,
857 2546 913 2631 qui
948 2545 1099 2610 instituto
1135 2543 1385 2632 archaeologico
1420 2544 1570 2611 Romano
1604 2546 1670 2612 iam

341 2661 446 2748 ipsius
475 2659 675 2726 Academiae
706 2660 862 2747 auspiciis
891 2667 982 2725 recto
1013 2659 1170 2744 praefecti
1204 2667 1290 2724 sunt.
1336 2659 1424 2725 Nam
1452 2670 1490 2726 ut
1512 2661 1610 2727 Italia
1638 2672 1671 2728 et

342 2777 375 2840 in
398 2771 497 2841 Italia
524 2776 665 2840 maxime
695 2775 773 2841 urbs
804 2782 938 2840 aeterna
967 2774 1083 2839 horum
1114 2772 1296 2839 studiorum
1320 2774 1413 2862 origo
1438 2785 1488 2841 est
1512 2785 1545 2842 et
1567 2775 1671 2841 domi·

344 2891 471 2972 cilium,
500 2891 548 2955 ita
570 2889 762 2956 Institutum
792 2887 875 2954 illud
905 2887 948 2955 ad
971 2888 1006 2953 id
1028 2889 1153 2974 ipsum,
1183 2910 1248 2974 quo
1276 2909 1338 2954 nos
1360 2887 1542 2972 tendimus,
1573 2891 1671 2957 etiam

344 3013 420 3071 ante
452 3014 568 3092 sponte
597 3027 659 3070 sua
686 3003 827 3070 tetendit
858 3003 1049 3088 nullumque
1082 3001 1180 3068 hodie
1211 3012 1302 3069 extat
1332 3005 1593 3090 promptuarium
1621 3006 1671 3070 in-

344 3120 559 3205 scriptionum
588 3119 784 3185 Latinarum
811 3141 917 3204 nuper
947 3127 1150 3205 repertarum
1180 3119 1287 3183 minus
1315 3120 1542 3205 imperfectum
1573 3143 1670 3204 quarn

344 3241 420 3298 sunt
444 3242 518 3299 acta
542 3231 612 3299 eius
635 3234 759 3298 maiora
781 3234 983 3319 minoraque.
1023 3232 1094 3298 Iam
1111 3233 1307 3318 Ephemeris
1330 3233 1413 3298 haec
1436 3233 1514 3299 licet
1531 3234 1578 3300 ibi
1594 3234 1672 3300 eda·

343 3356 412 3428 tur,
441 3349 497 3412 ubi
525 3347 632 3414 editur
655 3345 803 3434 Corpus,
834 3349 927 3413 cuius
950 3370 1016 3412 non
1042 3355 1092 3413 est
1114 3347 1178 3413 nisi
1202 3348 1346 3414 accessio
1371 3349 1480 3433 aliqua
1503 3357 1536 3414 et
1560 3357 1671 3414 aucta-

342 3463 436 3544 rium,
461 3463 523 3528 erit
546 3473 579 3528 et
596 3463 670 3549 ipsa
684 3463 833 3529 Instituti
850 3462 1090 3551 archaeologici
1106 3462 1257 3545 Romani,
1281 3485 1515 3550 speramusque
1531 3463 1612 3546 fore,
1635 3473 1672 3530 ut

344 3577 528 3644 coniunctis
556 3579 644 3644 curis
666 3579 826 3644 Italorum
852 3576 1175 3663 Germanorumque,
1206 3600 1345 3663 quorum
1368 3578 1433 3644 illis
1456 3577 1538 3643 haec
1562 3577 1672 3644 studia

343 3693 451 3776 patria
474 3701 567 3773 sunt,
597 3692 649 3757 his
672 3693 737 3756 iam
763 3692 940 3778 adoptiva,
965 3691 1128 3757 adiunctis
1151 3692 1229 3756 item
1254 3701 1434 3756 ceterarum
1458 3692 1628 3756 nationum
1652 3714 1672 3756 a

344 3804 571 3870 communibus
594 3805 775 3870 litterarum
799 3806 916 3871 studiis
940 3829 1007 3870 non
1030 3804 1275 3870 abhorrentium
1300 3803 1432 3886 officiis,
1455 3802 1510 3868 hic
1533 3805 1671 3892 iuscrip-

343 3918 469 3983 tionum
499 3918 693 3983 Latinarum
725 3940 841 3985 recens
875 3926 1077 4004 repertarum
1109 3917 1285 3984 thesaurus
1313 3939 1375 4005 per
1405 3939 1510 3984 annos
1542 3919 1671 3985 futuros

344 4033 445 4098 fontis
468 4033 618 4118 perpetui
641 4033 745 4099 instar
768 4034 955 4100 scaturriat.

433 4147 559 4213 Verum
587 4156 638 4213 est
665 4149 787 4214 fontem
817 4147 926 4213 adhuc
955 4148 1086 4213 minime
1114 4145 1306 4230 scaturrire,
1335 4147 1434 4213 immo
1457 4149 1513 4213 rix
1536 4147 1670 4215 stillare.

346 4261 433 4326 Nam
458 4285 531 4327 cum
555 4263 651 4329 nobis
674 4263 943 4350 proposuerimus
967 4261 1056 4328 edita
1078 4261 1209 4328 demum
1226 4261 1393 4328 volumina
1409 4261 1569 4348 Corporis
1584 4265 1612 4329 Ι.
1628 4264 1670 4331 L.

346 4375 437 4442 hisce
461 4378 582 4443 nostris
606 4377 746 4465 pagellis
769 4376 934 4463 supplere,
958 4377 1067 4442 adhuc
1082 4378 1146 4442 tria
1160 4385 1288 4442 tantum
1303 4376 1497 4463 prodierunt
1513 4377 1672 4464 antiquis·

346 4491 520 4575 simarum,
543 4493 816 4577 Hispanicarum,
839 4492 1115 4578 Pompeianarum
1144 4491 1299 4577 penicillo
1323 4491 1441 4558 stilove
1465 4492 1670 4576 scriptarum.

345 4605 454 4672 Erunt
482 4607 583 4695 igitur
614 4606 669 4693 qui
697 4629 758 4672 nos
787 4607 1031 4694 reprehendant
1053 4614 1191 4692 propter
1212 4628 1466 4694 praeproperam
1488 4605 1671 4672 festinatio·

346 4743 438 4800 nonu
463 4721 522 4787 sed
544 4719 690 4804 videant,
713 4745 755 4787 ne
777 4721 941 4787 fallantur.
980 4722 1069 4787 Nam
1093 4732 1143 4786 est
1167 4719 1290 4806 aliquid
1313 4721 1347 4786 in
1369 4721 1429 4786 tali
1453 4744 1487 4786 re
1511 4720 1671 4805 coepisse.

347 4833 478 4900 Deinde
502 4836 801 4922 antiquissimarum
824 4836 975 4925 syllogen
998 4845 1075 4902 ante
1098 4835 1159 4902 hos
1183 4845 1260 4902 octo
1283 4858 1387 4901 annos
1404 4834 1525 4900 editam
1541 4832 1673 4920 supple·

346 4957 492 5014 mentum
515 4950 568 5016 vel
592 4949 691 5016 hodie
715 4951 879 5037 requirere
902 4952 999 5037 periti
1022 4973 1088 5016 non
1111 4950 1299 5039 negabunt,
1326 4972 1388 5016 nec
1411 4957 1568 5035 spernent
1590 4969 1672 5033 quas

348 5062 498 5132 dabimus
514 5064 683 5150 Hispanas
707 5077 740 5132 et
753 5066 972 5153 Pompeianas
995 5066 1073 5132 licet
1095 5088 1231 5131 numero
1255 5087 1322 5130 non
1346 5065 1393 5130 ita
1408 5063 1537 5129 multas.
1573 5061 1673 5127 Prae-
