3712 5838
679 514 863 566 nauseae.
884 515 1085 569 aavsmvu.
1471 505 1544 578 235

215 613 369 624 ,ιιι-ι·-

214 684 309 744 latina
323 683 363 740 ad
383 701 421 742 m.
437 682 482 742 IV
504 687 680 744 constitutam
700 702 768 743 esse
782 687 886 744 aedem
902 706 1021 746 aramve
1046 687 1220 748 lDecemb.
1244 699 1274 750 et
1296 694 1455 754 dedicatam
1475 712 1544 756 esse

213 784 270 842 Iul.
294 785 323 856 8,
352 791 479 859 utroque
501 793 598 843 autem
619 785 667 845 die
689 806 749 845 non
771 803 858 847 secus
881 796 971 864 atque
1000 788 1038 847 ad
1064 807 1146 848 aram
1168 790 1256 850 Pacis
1278 795 1436 870 Augustae
1457 814 1543 855 sacra

214 885 280 944 lieri
302 885 392 943 solita
414 903 491 944 esse.

300 983 419 1059 Quodsi
447 987 521 1044 baec
547 993 628 1046 recte
655 986 807 1064 disputata
835 997 914 1059 sunt,
942 989 1002 1046 iam
1029 991 1104 1049 satis
1126 992 1288 1051 stabilitum
1315 996 1372 1053 erit
1400 995 1432 1053 id
1462 996 1543 1071 quod

214 1086 419 1146 Mommsenus
441 1087 651 1163 suspicabatur
671 1089 742 1147 bina
763 1107 851 1146 sacra
872 1089 1055 1165 singulorum
1077 1092 1199 1150 deorum
1224 1095 1256 1152 in
1280 1095 1368 1154 fastis
1389 1096 1542 1174 adscripta

214 1175 304 1264 posse
326 1188 445 1262 quidem
467 1188 505 1246 ad
526 1190 717 1248 constitutam
740 1189 967 1265 dedicatamque
987 1209 1089 1250 eorum
1111 1193 1214 1251 aedem
1232 1194 1345 1268 referri,
1367 1197 1540 1272 neutiquam

214 1306 284 1346 vero
306 1288 337 1346 id
359 1306 476 1347 sacrum
498 1291 579 1365 quod
600 1291 729 1365 primum
751 1290 788 1347 ad
806 1292 998 1350 constitutam
1019 1311 1101 1350 aram
1124 1293 1233 1352 lactum
1255 1297 1295 1353 sit
1316 1297 1450 1356 habitum
1472 1314 1540 1357 esse

213 1405 268 1464 pro
290 1389 383 1447 natali
410 1390 493 1448 aedis
515 1391 579 1461 die,
606 1410 695 1467 quem
716 1391 869 1450 dedicatae
894 1409 963 1450 esse
988 1393 1134 1450 fastorum
1161 1394 1345 1454 documentis
1371 1415 1463 1474 supra
1489 1397 1539 1456 de·

213 1491 455 1549 monstravimus.
498 1510 553 1549 nec
572 1493 671 1552 minus
693 1500 805 1550 certum
828 1491 943 1551 videtur
968 1492 1047 1551 bunc
1075 1493 1153 1553 diem
1176 1497 1304 1554 natalem
1326 1515 1385 1556 non
1406 1499 1541 1572 potuisse

213 1590 280 1649 loco
302 1592 415 1650 moveri
437 1592 626 1652 restitutione
646 1593 759 1668 templi,
787 1593 920 1667 potuisse
946 1594 1024 1652 banc
1049 1612 1178 1671 quoque,
1207 1597 1347 1671 quoniam
1369 1615 1434 1656 cum
1456 1597 1541 1658 dedi·

214 1691 331 1751 catione
352 1693 460 1751 iterata
480 1696 650 1753 necessario
673 1695 713 1752 sit
732 1695 900 1765 coniuncta,
923 1694 1099 1753 secundario
1121 1696 1222 1773 aliquo
1243 1715 1328 1756 sacro
1351 1707 1491 1774 steteque
1511 1707 1541 1756 et

215 1792 354 1852 sollemni
380 1794 533 1854 celebrari.
578 1796 705 1854 vidimus
732 1796 850 1854 restitui
878 1795 997 1853 reficive
1018 1797 1108 1854 etiam
1130 1815 1182 1855 eas
1203 1798 1293 1858 aedes
1314 1799 1372 1858 dici
1400 1818 1476 1875 quae
1504 1799 1541 1857 de

216 1892 284 1952 solo
311 1893 488 1954 reficiendae
516 1906 617 1956 essent
644 1896 757 1955 eisdem
779 1896 886 1972 quibus
909 1904 977 1953 ante
998 1895 1126 1954 fuissent
1147 1899 1292 1974 vestigiis.
1324 1900 1437 1958 scilicet
1458 1903 1541 1960 etiam

214 1995 309 2052 diruta
331 1998 459 2071 aedificio
482 1998 574 2056 locam
595 2016 708 2056 samam
728 2015 841 2056 manere
861 1996 1007 2054 Marciani
1028 1996 1102 2054 illud
1124 1996 1214 2074 Digg.
1234 2001 1261 2069 l,
1285 1999 1313 2069 8,
1337 1999 1365 2070 6,
1389 2001 1416 2071 3,
1439 2001 1541 2060 rectis-

215 2094 291 2154 sime
316 2095 356 2155 H.
380 2097 559 2172 Degenkolb
587 2115 671 2157 meus
698 2097 872 2172 (Platzrecttt
896 2099 958 2154 aad
983 2096 1087 2156 mette
1115 2115 1144 2173 p.
1168 2097 1240 2175 122)
1269 2100 1311 2156 ita
1338 2101 1489 2160 enarravit
1509 2109 1542 2158 ut

216 2196 344 2256 conlatis
367 2197 491 2256 Traiani
513 2201 552 2258 ad
573 2199 653 2258 Plin.
676 2200 713 2258 71
737 2199 836 2258 verbis
858 2198 905 2256 bis
931 2217 998 2255 nam
1022 2201 1049 2255 si
1062 2199 1149 2271 sacta
1170 2209 1211 2256 est
1230 2198 1367 2274 (aedes),
1394 2200 1457 2258 iicet
1477 2217 1542 2259 con·

216 2281 303 2372 lapsa
328 2302 374 2371 sit,
401 2299 504 2375 reiipio
530 2305 590 2358 etas
612 2301 760 2376 occupavit
780 2300 880 2370 solam,
910 2298 1138 2369 demonstraret,
1170 2299 1256 2357 deum
1282 2300 1366 2358 aedis
1387 2319 1454 2358 cum
1476 2300 1542 2360 solo

214 2399 440 2474 possessionem
469 2401 585 2460 etiamsi
611 2401 666 2459 illa
690 2400 819 2476 perisset
845 2400 983 2458 retinere.
1026 2382 1275 2474 poterat'adderc
1297 2399 1441 2476 conlapso
1463 2401 1543 2459 aedi·

213 2498 284 2557 ficio
312 2518 366 2558 nec
391 2501 502 2560 natalis
530 2502 594 2560 eius
624 2500 682 2559 diei
709 2517 796 2558 sacra
821 2500 911 2558 inrita
938 2499 1002 2558 fieri
1030 2519 1084 2559 nec
1110 2519 1219 2558 nomen
1246 2517 1448 2576 cognomento
1476 2501 1542 2560 eius

215 2599 323 2676 perire,
357 2601 448 2660 immo
480 2602 597 2660 senatui
629 2620 668 2658 ex
698 2601 873 2677 pontificum
906 2601 1026 2684 decreto
1057 2600 1259 2660 necessarium
1291 2619 1398 2659 munus
1429 2601 1544 2680 iniungi

215 2701 390 2760 restituendi
422 2720 459 2760 ea
485 2721 562 2779 quae
588 2702 626 2760 ad
651 2709 769 2778 tempus
803 2707 956 2760 cessarent
980 2701 1029 2758 vel
1059 2701 1212 2776 perissent
1243 2700 1350 2776 deique
1379 2701 1444 2759 sive
1470 2701 1544 2760 deae

214 2802 336 2879 genium
361 2803 538 2862 iunonemve
564 2801 711 2876 placandi.
765 2819 824 2877 quo
852 2802 1028 2860 restituendi
1053 2819 1174 2860 munere
1201 2800 1339 2859 absoluto
1364 2801 1461 2859 eidem
1488 2802 1544 2860 deo

214 2902 252 2962 de
268 2921 347 2963 novo
368 2904 508 2963 relectam
530 2903 634 2961 aedem
657 2901 796 2960 sollemni
817 2902 876 2960 ritu
898 2902 1064 2960 dedicatam
1088 2919 1155 2961 esse
1177 2900 1214 2958 de
1229 2898 1379 2976 Capitolio
1402 2903 1544 2961 traditum

215 3012 271 3062 est.
314 3022 382 3063 nam
405 3006 534 3081 primum
555 3002 593 3078 Q.
617 3001 757 3062 Catulum
778 3002 896 3061 Plinius
918 3001 969 3074 29,
992 3001 1030 3060 23
1057 3004 1100 3060 ait
1121 3021 1183 3061 eam
1206 3002 1380 3077 Capitolium
1402 3004 1547 3062 dedicaret

216 3107 353 3165 umbram
379 3107 411 3164 in
436 3105 552 3164 tbeatro
580 3104 699 3175 fecisse,
732 3102 839 3161 deinde
871 3121 937 3162 cum
970 3102 1075 3160 iterum
1108 3109 1179 3179 post
1208 3112 1335 3160 mortem
1364 3101 1545 3176 Vespasiani

216 3209 434 3284 conflagrasset
463 3206 570 3264 fratres
604 3204 722 3263 arvales
755 3203 801 3260 ad.
829 3203 858 3263 7.
884 3202 923 3259 id.
946 3201 1022 3260 Dee.
1049 3219 1076 3258 a.
1098 3219 1128 3275 p.
1152 3199 1187 3260 0.
1210 3201 1250 3260 80
1278 3205 1309 3258 ic
1341 3201 1482 3275 Capitolio
1513 3205 1545 3261 in

215 3309 313 3367 aedan
339 3307 410 3383 Opis
432 3315 617 3365 convenerunt
636 3306 677 3362 cd
696 3313 762 3361 voto
783 3303 977 3378 nuncupanda
1003 3303 1045 3359 cd
1064 3303 1269 3359 restitutionem
1294 3311 1320 3358 et
1340 3301 1544 3360 dedicationem

219 3407 347 3484 Capitoli
372 3409 408 3465 ab
436 3406 633 3482 imp(erctore)
663 3405 695 3462 Τ.
721 3404 844 3464 &caere
865 3403 1042 3476 Vespasiano
1069 3399 1231 3476 Aap(asto)
1263 3399 1345 3474 (nam
1371 3399 1415 3457 ita
1440 3410 1487 3459 est
1511 3400 1543 3459 in

214 3509 289 3568 actis
315 3517 336 3568 t.
358 3507 408 3579 88,
437 3508 475 3566 10
507 3508 546 3566 ci.
573 3506 680 3564 Maria.
708 3523 737 3580 p.
762 3501 821 3562 206
848 3503 915 3579 sa),
949 3520 1038 3578 quam
1070 3500 1285 3559 dedicationem
1317 3519 1335 3558 a
1366 3499 1542 3560 Domitiano

214 3629 242 3670 a.
258 3609 296 3668 83
319 3617 469 3685 peractam
491 3625 559 3666 csse
580 3616 641 3666 tam
663 3604 774 3664 nummi
795 3604 883 3662 buius
899 3603 970 3661 anni
984 3621 1075 3680 quam
1091 3600 1172 3662 Suet.
1187 3601 1277 3658 Dom.
1295 3599 1313 3658 8
1336 3602 1541 3677 comprobant.

214 3711 315 3787 itaque
341 3711 444 3769 aedem
470 3727 535 3767 earn
562 3725 680 3784 quoque
711 3723 801 3782 quam
828 3704 1033 3780 Vespasianus
1060 3720 1079 3760 a
1105 3695 1170 3760 solo
1203 3701 1273 3760 iecit
1299 3700 1436 3760 similiter
1461 3701 1543 3760 dedi·

214 3820 311 3870 catam
332 3828 400 3870 esse
422 3819 533 3870 certum
555 3817 611 3879 est,
636 3807 706 3866 licet
726 3823 804 3882 quae
826 3823 913 3863 sacra
935 3803 1058 3863 Tacitus
1081 3811 1292 3862 commemoret
1312 3801 1482 3877 pertineant
1503 3801 1541 3860 ad

214 3913 311 3972 solam
338 3930 426 3971 areae
451 3910 666 3980 lustrationem,
700 3907 893 3967 fundamenta
918 3905 1065 3978 facienda,
1097 3904 1252 3963 materiam
1279 3902 1383 3977 templi
1409 3901 1543 3978 conlapsi

214 4013 397 4085 asebeniae,
427 4031 464 4070 ne
492 4011 699 4089 profanaretur
719 4009 837 4086 privato
858 4025 924 4066 usu.
968 4006 1006 4064 de
1037 4005 1104 4064 aliis
1133 4005 1256 4063 aedibus
1285 4002 1403 4061 refectis
1431 4002 1542 4061 similia

215 4115 294 4174 tradi
319 4133 379 4172 non
405 4111 525 4172 memini
552 4129 600 4172 me
626 4110 734 4186 legere,
761 4109 813 4168 sed
839 4125 958 4167 causam
986 4105 1098 4166 nullam
1119 4105 1207 4164 video
1229 4123 1281 4164 eur
1303 4104 1453 4162 dedicatas
1475 4120 1543 4162 esse

213 4233 329 4293 negem,
355 4214 446 4274 immo
472 4212 684 4290 gravissimum
710 4195 917 4287 argumentum
945 4208 1040 4266 babeo
1070 4226 1124 4266 cur
1150 4205 1312 4277 adfirmem,
1341 4223 1449 4263 nomen
1476 4204 1542 4263 cius

214 4318 267 4393 qui
287 4316 423 4376 refecerit
443 4313 662 4374 dedicaveritve
683 4313 750 4371 aedi
771 4311 945 4385 inscriptum
967 4326 1027 4366 non
1048 4308 1148 4365 minus
1170 4325 1260 4383 quam
1274 4306 1338 4364 eius
1361 4305 1411 4380 qui
1429 4304 1541 4362 lecerit.

214 4417 303 4478 fldem
334 4417 465 4476 fortasse
496 4413 657 4490 denegabis
689 4411 840 4497 Dionysio
863 4410 892 4481 9,
922 4408 961 4466 60
994 4407 1045 4482 qui
1078 4404 1130 4482 Sp.
1164 4407 1353 4464 Postumium
1386 4403 1541 4462 dedicasse

214 4519 320 4578 aedem
346 4516 399 4576 Dii
423 4517 503 4576 Fidii
529 4533 547 4572 a
575 4512 742 4588 Tarquinio
774 4510 903 4587 superbo
933 4508 1045 4566 iactam
1072 4507 1117 4565 sic
1142 4513 1259 4564 narrat:
1291 4498 1452 4586 καθιέρωσε
1479 4498 1540 4579 (riv

215 4613 297 4694 vedu)
328 4605 609 4679 κατασκευασθέντα
634 4601 683 4682 μὲν
708 4604 762 4668 tici
794 4611 850 4668 τοῦ
875 4599 1037 4666 τελευταίου
1063 4595 1224 4676 sicamina,
1257 4605 1309 4672 τῆς
1341 4592 1371 4661 δὲ
1404 4595 1541 4673 νομιζομέ-

215 4741 264 4790 νης
294 4713 373 4802 παρὰ
397 4710 542 4784 Ῥωμαίοις
569 4702 741 4796 ἀνιερώσεως
767 4705 798 4768 ου’
829 4698 962 4786 rapiam
994 4701 1043 4764 ἐπ’
1076 4698 1189 4762 ἐκείνου.
1235 4695 1298 4762 rire
1325 4699 1359 4774 ir]
1385 4705 1421 4780 τῇ
1444 4695 1542 4779 βουλῇ

215 4812 309 4902 δόξαν
329 4817 343 4878 i
365 4809 523 4886 Ποστόμιος
542 4806 651 4879 ἔλαβεν
672 4809 764 4868 αὐτοῦ
783 4803 832 4880 τὴν
852 4800 1028 4890 ἕπογραφὴνε
1053 4815 1085 4864 at
1106 4806 1195 4865 fidem
1215 4805 1328 4866 faciunt
1349 4821 1482 4878 eaquae
1504 4803 1541 4864 de

215 4922 336 4982 nomine
363 4919 400 4994 Q.
423 4918 525 4980 Catuli
546 4913 736 4995 Capitolinae
763 4911 830 4969 aedi
856 4908 1000 4984 inscripto
1027 4915 1057 4968 et
1081 4906 1119 4964 de
1138 4906 1350 4984 imperatorum
1371 4904 1540 4966 nominibus

216 5023 256 5082 ob
282 5022 466 5100 singularem
492 5016 668 5080 modestiam
694 5011 818 5074 aedibus
846 5028 865 5070 a
892 5027 926 5070 se
950 5009 1070 5070 refectis
1095 5025 1155 5068 non
1179 5006 1332 5083 inscriptis
1360 5006 1540 5084 compluries

215 5123 336 5201 prodite
359 5123 497 5202 legimus.
541 5119 594 5182 sed
624 5118 699 5180 baec
730 5114 831 5174 omnia
861 5130 923 5174 non
947 5130 984 5172 eo
1009 5109 1158 5188 pertinent
1188 5118 1221 5170 ut
1251 5108 1357 5170 iterum
1389 5107 1558 5172 dedicatae.
