3712 5838
326 517 402 590 234
457 561 464 572 ·
918 529 1062 583 tonnas

324 636 478 648 ——t

325 711 435 785 possit:
468 723 648 782 quamquam
677 705 714 763 de
739 704 796 764 hoc
822 705 962 782 exemplo
991 703 1062 781 quid
1094 701 1284 762 statuendum
1311 699 1352 758 sit
1376 700 1457 758 infra
1482 700 1652 759 accuratius

325 818 494 887 quaeretur.
541 807 668 882 deniqne
688 806 833 864 habemns
857 805 893 864 de
916 804 1067 864 Fortunae
1093 802 1247 863 muliebris
1270 801 1349 860 sacri
1370 801 1485 879 origine
1506 801 1653 860 namatio·

326 929 394 968 nem
416 910 505 984 longe
526 907 735 982 gravissimam
757 906 837 982 apud
857 906 1040 982 Dionysium
1062 907 1090 978 8,
1113 905 1152 964 55
1175 922 1200 963 s.
1244 909 1367 962 senatus
1393 902 1485 979 igitur
1508 902 1654 978 populus·

327 1028 385 1086 qne
412 1008 566 1066 Romanus
594 1009 625 1065 in
653 1010 796 1067 honorem
826 1009 931 1067 matris
959 1005 1113 1066 Coriolani
1138 1004 1291 1064 Fortunae
1323 1002 1457 1061 muliebri
1486 1003 1590 1061 aedem
1618 1019 1654 1062 ec

324 1109 402 1180 locs,
425 1110 476 1167 ubi
497 1109 552 1167 illa
572 1109 667 1168 filium
685 1109 860 1187 placaverit,
881 1108 1048 1168 faciendam
1063 1114 1242 1165 censuerunt
1261 1095 1372 1172 τέμενος
1392 1126 1423 1160 τι
1445 1099 1555 1172 ὠνηθὲν
1575 1099 1653 1161 καθ-

326 1205 479 1291 ιερωθῆναι
509 1211 544 1286 τῇ
574 1206 640 1286 θεῷ
678 1211 749 1286 (hnc
781 1218 828 1268 est
860 1210 953 1268 lucum
986 1210 1206 1268 consecrandum
1231 1206 1296 1265 sive
1322 1203 1524 1281 dedicendum)
1556 1194 1604 1261 uni
1626 1203 1654 1262 ἐν

326 1304 406 1384 αὐτῷ
427 1304 493 1366 νεῶν
514 1300 562 1367 καὶ
583 1303 685 1374 danic
707 1308 744 1371 ῶς
766 1299 801 1367 civ
822 1309 846 1366 ci
866 1300 1055 1392 ἱερομνήμονες
1075 1304 1237 1390 ἐξηγῶνται
1260 1301 1498 1375 συντελεσθῆναι.
1531 1304 1656 1364 Valeria
1720 1387 1723 1391 .

326 1419 443 1469 creatur
465 1411 615 1482 sacerdos,
638 1412 779 1470 mulieres
802 1429 889 1470 sacra
909 1412 1007 1487 prima
1027 1410 1141 1469 faciunt
1162 1397 1230 1491 ὑπὲρ
1252 1408 1305 1464 τοῦ
1325 1396 1413 1474 dinen
1440 1405 1511 1483 (pro
1528 1406 1654 1483 populo)

329 1552 335 1568 .
361 1554 367 1568 .
390 1501 434 1566 tel
460 1513 512 1568 τοῦ
537 1503 830 1574 κατασκευασθέντος
858 1509 885 1568 ἓν
916 1515 956 1588 τῷ
983 1503 1086 1578 rspice·
1118 1501 1224 1576 βωμοῦ
1254 1508 1449 1585 (constitutam
1480 1507 1540 1566 dici
1572 1526 1656 1566 aram

470 1601 478 1624 t
521 1601 534 1629 a
578 1606 585 1630 t
666 1606 673 1628 ι
750 1603 758 1626 t
805 1607 812 1632 ι
867 1603 872 1622 r
970 1607 977 1628 ι
1107 1612 1120 1626 0.
1309 1612 1314 1625 ·
1489 1612 1495 1624 ι
1610 1599 1622 1625 u

326 1610 411 1686 nota)
434 1633 495 1689 πριν
516 1635 531 1680 η
554 1634 602 1668 τον
624 1635 690 1669 νεων
711 1635 759 1669 και
782 1635 811 1669 το
834 1607 939 1692 ξοανον
959 1607 1175 1680 ανασταθηναι,
1197 1609 1328 1668 kalendas
1342 1609 1555 1680 Decembribus,
1584 1631 1655 1678 αυτη

328 1704 384 1792 γὰρ
407 1699 438 1774 ip
459 1706 475 1779 ἦ
496 1701 616 1769 λύσασα
637 1707 684 1769 rdv
704 1703 823 1780 πολεμον
837 1703 936 1795 ἦνιέρα·
958 1711 1077 1787 ε’νιαυτῶ
1098 1699 1129 1768 δὲ
1151 1701 1264 1793 ὕστερον
1280 1699 1397 1792 δευτέρῳ
1419 1703 1491 1777 μετὰ
1512 1704 1560 1780 την
1582 1700 1656 1792 πρῶ·

327 1829 377 1876 την
399 1803 509 1867 θυσίαν
530 1808 545 1868 o‘
568 1804 824 1874 κατασκευασθεὶς
845 1813 876 1870 ἐκ
899 1804 1036 1882 δημοσίων
1063 1801 1226 1893 χρημάτων
1252 1805 1319 1871 riade
1343 1801 1534 1880 συνετελέσθη
1557 1833 1588 1868 τε
1609 1799 1657 1868 nni

326 1901 511 1992 καθιερώθη,
528 1915 625 1989 pridie
639 1933 729 1974 nonae
750 1914 900 1984 Quintiles.
933 1914 1039 1973 deinde
1061 1933 1085 1972 c.
1102 1913 1141 1972 56
1164 1919 1303 1970 narratur
1323 1911 1448 1970 alterum
1470 1912 1544 1970 deae
1566 1912 1657 1971 simn-

326 2011 440 2069 lacrum
464 2000 614 2089 (ῶγαλμα)
637 2015 776 2074 mulieres
799 2015 836 2074 dc
858 2033 914 2074 sua
935 2015 1062 2092 pecunia
1085 2015 1209 2074 fecisse:
1244 2003 1409 2070 ἀναθέντων
1436 2001 1466 2069 di
1492 2003 1658 2096 damasippus

327 2109 355 2166 ἒν
382 2113 418 2188 τῇ
442 2103 536 2196 πρῶτῃ
563 2116 614 2184 τῆς
643 2107 815 2198 ἀνιερώσεως
840 2107 927 2198 incipe
947 2106 1073 2200 θάτερον
1094 2117 1150 2173 τῶν
1172 2103 1377 2196 ἀφιδρυμάτων
1404 2100 1418 2168 d
1439 2103 1658 2170 antecessiones

329 2213 463 2287 γυναῖκες
499 2206 675 2295 ἐφθέγξατο
707 2219 817 2274 πολλῶν
848 2219 998 2298 παρουσῶν
1032 2210 1127 2288 φωνην
1159 2205 1307 2272 ricimer
1346 2203 1394 2270 ecci
1426 2203 1555 2290 «γεγωνᾶν
1583 2257 1590 2272 .
1617 2258 1624 2272 .
1649 2254 1657 2272 .

330 2305 397 2388 dm'p
430 2303 541 2374 πόλεως
571 2305 644 2390 νέμω
677 2319 812 2392 γυναῖκες
843 2307 966 2390 γαμεταὶ
999 2307 1142 2373 δεδώκασι
1168 2337 1227 2384 μοι,
1264 2314 1371 2373 deinde
1398 2311 1426 2370 ἓν
1451 2305 1552 2384 μείζονι
1578 2317 1660 2392 φωνῇ

250 2415 255 2422 “
329 2407 360 2468 rd
383 2409 453 2470 αὐτό
475 2405 581 2494 ξόανον
602 2408 779 2498 ἐφθέγξατο
801 2413 849 2488 την
872 2413 960 2488 cirria
980 2407 1058 2498 sign
1081 2407 1155 2474 ῶστε
1175 2403 1260 2486 μηδὲν
1281 2407 1320 2474 ἔτι
1342 2403 1410 2471 εἶναι
1433 2409 1464 2471 rd
1487 2407 1658 2491 αμφῖλογον.

330 2531 391 2589 qua
417 2533 449 2572 re
477 2524 630 2592 comperta
655 2526 685 2576 et
712 2527 834 2578 senatus
863 2519 981 2579 censuit
1002 2511 1113 2578 Suriae
1134 2505 1227 2578 ἄλλοις
1247 2505 1295 2574 καὶ
1318 2506 1489 2582 relicte-pade
1508 2516 1608 2576 iacere
1629 2529 1660 2576 et

329 2614 469 2673 mulieres
496 2618 690 2677 decreverunt
714 2639 752 2678 ne
777 2620 825 2678 bis
854 2628 965 2697 nuptae
991 2636 1118 2678 coronas
1145 2618 1218 2677 deae
1244 2617 1350 2675 darent
1370 2635 1473 2676 eamve
1493 2626 1658 2695 tangerent.

330 2713 485 2772 invenerat
511 2718 602 2794 igitur
626 2718 795 2795 Dionysius
821 2720 908 2778 binas
936 2719 1138 2778 narrationes:
1172 2717 1296 2777 alteram
1322 2725 1478 2793 praeterea
1504 2731 1661 2779 servarunt

331 2813 501 2889 bipertitam
524 2816 635 2876 Festus
659 2818 701 2895 (p.
721 2818 791 2877 242.
814 2819 903 2894 243):
936 2822 984 2878 nia
1010 2819 1122 2877 Latina
1152 2819 1193 2876 cd
1219 2819 1296 2876 IIII
1323 2819 1479 2877 miliarium
1510 2819 1659 2897 (signum)

331 2912 479 2971 Fortunae
500 2917 643 2976 muliebris
664 2921 748 2993 nesae
770 2931 811 2978 est
831 2924 934 2996 aninpi
954 2923 1011 2978 nisi
1032 2919 1068 2977 ab
1091 2938 1125 2977 ιο
1146 2937 1219 2994 qnae
1240 2919 1325 2977 semel
1345 2921 1452 2994 nupsit,
1475 2927 1504 2977 et
1520 2918 1661 2982 Valerius

333 3012 485 3074 Maximus
506 3016 549 3091 (l,
562 3019 590 3091 8,
603 3019 653 3095 4):
677 3021 822 3080 Fortunae
843 3025 927 3080 etiam
948 3021 1094 3080 muliebris
1116 3020 1300 3078 simulacrum
1321 3022 1399 3096 quod
1419 3031 1461 3080 est
1480 3018 1590 3078 Latine
1611 3025 1662 3080 eia

332 3115 375 3170 ad
394 3114 448 3172 IV
464 3117 619 3178 miliarium
646 3140 677 3179 eo
706 3131 830 3196 ternpore
854 3140 916 3180 cnm
943 3123 1012 3180 aede
1045 3131 1245 3192 consecratum,
1278 3139 1333 3197 quo
1359 3122 1528 3181 Coriolanus
1555 3121 1591 3179 ui
1615 3137 1661 3181 cs·

333 3213 407 3272 cidio
434 3219 512 3276 urbis
539 3229 683 3280 maternae
704 3241 805 3298 preces
831 3223 1030 3300 reppulerunt,
1056 3241 1113 3282 noa
1139 3224 1223 3280 semet
1248 3223 1299 3280 sed
1324 3222 1365 3280 bis
1388 3223 1509 3282 tomum
1530 3226 1662 3295 constitit,

331 3318 415 3390 prius
438 3317 482 3376 lzis
502 3321 612 3380 uerbis:
639 3326 694 3382 rite
718 3343 761 3382 nte
787 3335 933 3383 mamonae
960 3325 1079 3383 dedistis
1105 3327 1214 3399 riteque
1241 3325 1395 3382 dedicastis
1426 3322 1492 3397 (nbi
1515 3327 1598 3398 prius
1624 3325 1663 3382 ab

334 3415 455 3475 bomine
481 3421 533 3494 qui
558 3431 650 3481 totam
674 3443 737 3483 rem
758 3443 818 3484 non
839 3420 1024 3483 intellexerit
1043 3425 1190 3483 insertum
1212 3441 1279 3483 esse
1301 3423 1416 3498 uiderat
1437 3422 1535 3495 'l'orr.,
1553 3427 1662 3499 priscis

334 3517 413 3590 quod
437 3520 591 3581 substituit
611 3523 749 3584 Halmius
771 3543 833 3584 non
854 3524 1013 3600 intellego:
1036 3525 1108 3601 quid
1131 3525 1209 3584 enim
1231 3524 1320 3600 prisci
1342 3524 1489 3582 sermonis
1509 3525 1541 3582 in
1563 3525 1663 3583 verbis

333 3615 439 3694 illisi).
483 3622 571 3682 huius
600 3627 781 3685 narrationis
808 3627 868 3684 vim
894 3625 1064 3702 Dionysius
1090 3643 1210 3701 pessum
1238 3625 1320 3683 dedit
1345 3642 1401 3682 sno
1427 3631 1523 3683 marte
1549 3624 1602 3696 ita,
1629 3635 1664 3684 ut

335 3716 420 3774 deam
436 3739 495 3778 non
510 3723 556 3782 ibi·
575 3727 783 3785 amulieribus
806 3735 1011 3784 consecratam
1032 3727 1152 3797 faceret,
1175 3726 1225 3783 nbi
1246 3725 1354 3784 iterum
1375 3726 1470 3784 verba
1489 3725 1544 3784 illa
1563 3726 1665 3784 locuta

335 3827 414 3877 esset
435 3819 520 3895 (nam
540 3824 631 3884 huius
653 3827 748 3903 ipsius
771 3828 814 3884 rei
836 3844 906 3903 ergo
928 3835 1020 3885 totam
1043 3846 1105 3886 rem
1128 3826 1242 3885 narrari
1264 3825 1351 3886 docet
1367 3825 1506 3886 Valerius
1523 3826 1664 3904 exemplo

335 3936 371 3976 eo
393 3923 472 3996 quod
494 3926 669 4002 praecedit),
702 3929 756 3986 sed
782 3929 908 3986 alterum
935 3928 1129 3987 simulacrum
1157 3927 1283 4004 fingeret
1307 3927 1355 3986 bis
1380 3927 1472 4004 loqui,
1503 3927 1610 3985 iterum
1636 3925 1665 3984 ἐν

334 4013 436 4089 μείζονι
459 4027 541 4100 φωνῇ
562 4018 635 4083 cirre
655 4017 740 4097 μηδὲν
761 4019 800 4085 ἔτι
823 4015 891 4085 εἶναι
912 4021 1090 4104 αμφῖλογοντ
1117 4028 1235 4087 scilieet
1255 4047 1322 4087 cum
1344 4027 1472 4103 primum
1492 4027 1666 4104 loqueretur

336 4119 477 4179 mulieres
506 4124 542 4182 de
569 4144 651 4186 more
676 4128 755 4188 inter
783 4147 817 4188 se
842 4130 1008 4206 garrientes
1041 4129 1080 4187 ad
1106 4130 1236 4188 divinam
1268 4148 1373 4188 vocem
1397 4147 1456 4187 non
1483 4129 1664 4188 attendisset

335 4218 392 4277 has
414 4220 542 4298 ineptias
564 4244 631 4285 esse
654 4226 795 4306 Dionysii
821 4249 875 4289 nec
903 4231 1037 4308 potuisse
1066 4229 1156 4290 scribi
1182 4230 1213 4287 in
1239 4231 1462 4289 commentariis
1490 4229 1665 4306 pontificiis,

336 4331 470 4398 apparet.
510 4343 604 4401 quare
624 4347 692 4389 cum
717 4331 801 4390 dicit:
834 4326 883 4398 τῶν
905 4322 1072 4404 ἐπιφάνειαν
1093 4326 1155 4387 κατ’
1179 4329 1280 4388 ἐκεῖνον
1301 4327 1350 4388 adv
1371 4321 1476 4414 χρόνον
1498 4326 1560 4408 οὐχ
1580 4322 1666 4410 ἅπαξ

337 4417 414 4479 ἄλλα
437 4417 479 4484 dir
506 4427 565 4502 (sic
586 4428 735 4509 Urbinas)
759 4428 795 4492 ῶς
816 4433 845 4490 αἱ
866 4433 923 4489 τῶν
945 4431 1117 4513 ἱεροφαντῶν
1138 4423 1304 4515 περιέχουσι
1327 4422 1439 4516 γραφαὶ
1462 4475 1470 4491 .
1492 4472 1500 4490 .
1524 4476 1532 4490 .
1554 4431 1668 4491 indicat

336 4523 440 4584 eadem
462 4527 516 4587 illa
536 4548 613 4606 qnae
635 4534 765 4594 breviter
786 4533 926 4594 Valerius
947 4533 1036 4592 babet
1058 4532 1102 4608 (et
1123 4541 1195 4592 nota
1215 4552 1346 4610 congrua
1367 4532 1446 4609 apud
1467 4533 1553 4592 illum
1575 4531 1667 4591 rerba

336 4642 393 4683 non
407 4631 492 4686 semet
505 4634 557 4690 ced
569 4633 626 4709 bis)
648 4635 749 4710 paullo
771 4635 918 4712 prolixius
939 4643 1062 4693 narrata
1083 4634 1163 4710 apud
1186 4635 1338 4694 annalium
1365 4635 1541 4711 scriptorem
1562 4631 1666 4691 nescio

337 4742 435 4801 quem,
462 4731 514 4805 qui
540 4735 761 4809 pontificiorum
787 4738 932 4796 librorum
955 4738 1135 4795 mentionem
1157 4735 1317 4809 iniecisset,
1339 4734 1449 4812 legisse
1470 4743 1500 4794 et
1521 4753 1560 4792 ex
1581 4741 1669 4811 parte

340 4844 400 4886 non
414 4829 614 4908 intellexisse,
636 4849 774 4913 exparte
794 4839 838 4897 ita
851 4847 884 4897 nt
902 4838 966 4896 dixi
988 4838 1173 4910 immutasse,
1196 4856 1232 4896 ne
1251 4855 1385 4915 pugnare
1406 4835 1578 4894 viderentur
1598 4851 1668 4894 cum

338 4928 435 4987 altera
453 4932 505 4992 illa
524 4937 628 5012 templi
649 4939 774 5018 originis
789 4939 914 4999 historia
935 4959 974 4998 ex
996 4939 1055 4998 alio
1077 4939 1160 4998 fonte
1181 4940 1284 5016 petita,
1306 4937 1392 4998 cuius
1414 4943 1519 4997 auctor
1540 4937 1578 4994 de
1598 4953 1668 4994 con·

339 5028 443 5088 stituto
470 5032 513 5092 ibi
539 5037 698 5100 simulacro
724 5042 776 5101 ubi
801 5041 909 5100 iterum
935 5049 1016 5099 esset
1041 5041 1172 5100 locutam
1194 5039 1269 5099 nihil
1290 5039 1463 5099 tradiderat.
1507 5037 1609 5098 sedis
1631 5034 1670 5096 ds

338 5127 444 5190 diebus
471 5146 608 5198 accurate
633 5142 798 5204 rettulerat.
825 5153 858 5201 ut
879 5141 1006 5202 dubitari
1029 5159 1088 5200 non
1114 5142 1211 5216 possit
1232 5141 1384 5201 Fortunae
1406 5138 1544 5200 muliebri
1567 5138 1597 5196 in
1619 5134 1670 5195 via
