3742 5826
637 1632 1088 1750 insuentium.

759 1933 959 1946 ——n--n

851 2129 981 2192 1..

282 2243 393 2323 Magne
420 2242 502 2304 hosis
530 2243 657 2318 rotunde
684 2262 851 2303 marmores
877 2262 990 2321 psunos
1018 2243 1127 2303 abhinc
1154 2262 1247 2306 annos
1273 2245 1385 2308 effosso
1404 2250 1434 2310 in
1454 2269 1525 2313 eren

199 2364 276 2422 quse
303 2362 383 2405 nuno
409 2343 517 2404 dicitur
543 2343 685 2404 Psintino
709 2345 787 2404 inter
812 2345 933 2404 domum
955 2345 1147 2405 Tiberianam
1175 2345 1408 2426 Flauiorumque
1434 2352 1524 2413 aedes

197 2445 267 2506 sits:
295 2463 424 2522 superne
450 2455 596 2505 exournte
620 2455 668 2504 est
693 2445 724 2504 in
750 2445 874 2506 formem
903 2448 1033 2506 oonohee
1059 2447 1195 2519 stristne,
1225 2459 1258 2507 ut
1283 2449 1327 2510 sio
1348 2452 1523 2514 coniunctus

197 2547 291 2606 fuisse
312 2546 448 2606 videatur
473 2563 540 2604 oum
567 2546 666 2624 lupide
693 2549 855 2624 superstite
877 2549 953 2608 ulter
973 2548 1046 2606 olim
1068 2550 1291 2625 superpositus,
1312 2552 1363 2627 qui
1384 2554 1443 2612 ium
1465 2575 1524 2615 uon

198 2655 292 2708 extat.
327 2647 355 2706 Ε
377 2646 493 2707 duobus
516 2647 601 2706 sexis
624 2649 822 2726 superpositis
844 2659 1068 2709 monumentum
1090 2650 1288 2725 compositum
1309 2652 1404 2713 fuisse
1425 2663 1524 2715 osten·

198 2749 272 2807 dunt
298 2755 360 2808 tom
386 2765 520 2808 summae
545 2748 641 2826 portis
667 2748 777 2824 lapidis
804 2751 857 2826 qui
883 2758 1022 2827 superest
1047 2750 1202 2809 scabrities
1230 2769 1318 2828 quum
1344 2754 1425 2830 quod
1447 2757 1525 2817 tituli

197 2849 314 2910 litterae
336 2867 440 2909 versus
462 2849 551 2936 primi
572 2847 611 2908 sd
633 2866 782 2909 summum
805 2868 900 2928 usque
922 2851 1094 2927 marginem·
1107 2853 1284 2927 perveniunt
1305 2873 1431 2933 eumque
1452 2875 1525 2933 quo-

197 2947 357 3009 dammodo
379 2950 535 3010 excedunt.
571 2949 695 3010 Prostat
716 2969 794 3010 nuno
815 2951 848 3010 in
869 2950 1028 3010 ruderibus
1050 2949 1133 3011 sedis
1147 2950 1313 3027 Palatinae,
1335 2973 1425 3032 quum
1443 2957 1525 3018 Iovis

199 3051 321 3110 vintoris
343 3051 439 3110 fuisse
462 3051 571 3110 dieunt.

627 3221 1104 3268 cs·nomrsvs·u·r·csuvrsvs

760 3322 952 3366 rourrsex

738 3423 1013 3468 cosmus-mrsu

760 3524 814 3567 ns·
827 3523 977 3568 uenustus

197 3612 363 3690 Descripsi.

281 3712 331 3772 De
347 3712 409 3771 vitu
429 3724 460 3772 et
479 3714 568 3773 rebus
590 3712 685 3790 gestis
700 3709 757 3770 Gn.
773 3708 901 3770 Domitii
916 3709 1036 3770 Caluini
1058 3710 1094 3770 oi.
1109 3709 1268 3772 Drumsnn
1286 3712 1387 3774 Genoh
1402 3715 1523 3775 Rom

199 3833 231 3891 p.
246 3814 264 3873 3
277 3831 360 3890 seqq.
390 3824 421 3872 et
442 3811 539 3874 Orelli
563 3812 662 3873 Orroei.
688 3811 761 3872 Tull.
788 3831 818 3889 p.
836 3809 906 3871 226.
948 3810 1127 3872 Pontificem
1152 3831 1220 3872 eum
1244 3812 1339 3873 fuisse
1365 3814 1526 3876 ostendunt

197 3915 398 3974 instrumente
423 3914 606 3990 pontificalia
631 3917 855 3989 repraesentate
875 3913 906 3971 in
931 3913 1061 3973 nummis
1090 3911 1222 3989 (Eokhel
1243 3915 1261 3974 5
1283 3931 1313 3990 p.
1329 3911 1418 3992 209),
1446 3933 1526 3992 quos

200 4014 362 4091 prooonsul
381 4013 551 4092 Hispaniae
573 4013 672 4074 Osose
698 4012 861 4090 signandos
888 4015 1014 4073 curavit.
1057 4010 1254 4073 Consulatum
1280 4015 1374 4092 gessit
1396 4015 1524 4093 primum

200 4133 228 4175 e.
248 4133 278 4174 u.
298 4133 323 4174 o.
340 4114 397 4173 701
427 4115 508 4190 (Dio
530 4113 650 4187 40,17.
670 4113 721 4172 45.
742 4112 798 4186 46;
824 4115 905 4190 App.
929 4111 1034 4187 2,19;
1060 4112 1142 4176 Plut.
1164 4113 1271 4192 Pomp.
1293 4115 1333 4174 45
1356 4115 1443 4191 cet),
1470 4116 1525 4176 ite·

199 4234 265 4276 rum
286 4234 314 4275 s.
330 4215 391 4274 714
413 4215 487 4293 (Dio
510 4212 629 4288 48,15;
651 4213 724 4274 festi
746 4211 845 4273 Golot.
867 4213 958 4272 vol.I
979 4233 1008 4292 p.
1024 4212 1181 4290 464,1v).
1224 4215 1391 4276 Proconsul
1412 4215 1525 4294 Hispe-

201 4317 281 4376 uiom
308 4315 433 4376 sortitus
462 4313 624 4375 Ceretanos
651 4314 761 4373 devicit
786 4333 812 4373 e.
834 4313 895 4373 715
922 4315 958 4374 de
983 4314 1081 4390 iisque
1108 4315 1302 4391 triumphavit
1328 4335 1355 4374 s.
1377 4314 1436 4375 718
1469 4317 1525 4391 (of.

200 4415 321 4476 tubulus
348 4415 544 4493 triumphales
566 4413 695 4492 Capitol.
722 4413 814 4474 vol.1
833 4434 863 4492 p.
878 4413 938 4473 461
966 4422 997 4472 et
1016 4413 1172 4473 Bsrberin.
1199 4414 1221 4472 1.
1240 4431 1265 4471 o.
1287 4433 1317 4491 p.
1335 4414 1423 4488 478),
1453 4431 1526 4473 suro

200 4524 299 4576 sutem
319 4517 491 4588 coronario,
512 4515 594 4592 quod
615 4514 868 4592 triumphantibus
889 4513 1032 4591 praebere
1053 4513 1191 4572 civitates
1213 4513 1360 4583 solebant,
1384 4527 1457 4571 usus
1479 4521 1526 4574 est

201 4615 239 4676 ad
264 4615 455 4676 rehoieninm
483 4617 597 4694 regium
624 4614 763 4675 incendio
789 4613 918 4674 deletum
944 4614 998 4690 (oi.
1024 4611 1087 4672 Dio
1113 4610 1168 4684 48,
1189 4609 1252 4687 42).
1294 4611 1343 4670 Es
1366 4611 1526 4682 nepesinus

200 4715 301 4777 ohiste
325 4716 417 4777 etism
442 4716 474 4775 in
495 4715 635 4776 Palatino
656 4714 775 4776 videtur
799 4713 954 4775 dedioesse
975 4722 1105 4774 statuum
1125 4711 1275 4790 quendem
1296 4709 1415 4772 sliudve
1436 4709 1527 4772 done·
1632 4721 1641 4735 ·

201 4817 287 4890 rium,
308 4835 378 4878 eum
400 4834 460 4878 non
481 4818 545 4877 veri
566 4815 665 4877 simile
685 4816 728 4876 sit
746 4835 785 4877 ex
805 4817 890 4895 regin
907 4817 1013 4875 besem
1033 4831 1069 4874 eo
1090 4811 1367 4915 translatumesse.

765 5063 966 5076 *su-*-
