3736 5822
339 551 385 622 ῃ
911 557 1094 612 noussen

339 654 1668 683 Μ

337 739 398 800 Hic
425 739 530 798 titulus
558 736 670 796 relatus
700 735 779 809 apud
802 732 950 792 Orellium
977 751 1007 789 n.
1024 729 1062 788 57
1090 727 1164 787 mihi
1193 709 1314 803 quidem
1342 727 1409 802 ipse
1438 725 1533 784 falsus
1555 724 1672 782 videtur

339 859 421 912 esse;
448 849 527 898 certe
553 837 631 896 male
658 836 765 893 dicitur
789 835 953 910 imperator
979 830 1188 888 Diocletianus
1216 827 1330 888 Caesar
1356 829 1511 904 Angustus
1539 834 1569 885 et
1594 826 1672 884 male

340 942 500 1000 cohaerent
526 939 636 996 omnia.
680 933 740 994 Sed
767 945 801 992 ut
825 953 891 993 eam
920 932 1126 1008 quaestionem
1155 928 1290 986 ulteriori
1317 929 1449 986 examini
1476 944 1673 998 reservemus,

340 1043 396 1099 hoc
416 1039 539 1098 dubium
561 1056 620 1095 non
643 1044 689 1094 est
705 1034 938 1095 Gutenstcnium
960 1043 990 1090 et
1009 1031 1199 1108 imperatoris
1221 1029 1343 1088 nomina
1363 1039 1475 1086 temme
1496 1028 1673 1086 emendasse

341 1148 372 1199 et
403 1139 535 1212 sublata,
568 1157 646 1214 qnae
678 1137 801 1196 thermis
834 1153 939 1211 parum
973 1133 1131 1191 convenire
1159 1131 1319 1202 videretur,
1351 1129 1572 1206 dactyliothece
1603 1129 1675 1188 sub·

342 1241 477 1300 stituisse
498 1240 690 1318 nympheum.

427 1341 494 1400 Hoc
521 1338 781 1416 interpolationum
808 1355 903 1415 genus
929 1355 995 1394 curm
1017 1335 1147 1411 primum
1171 1332 1294 1408 agnovi,
1322 1350 1381 1390 non
1410 1331 1484 1388 satis
1513 1330 1543 1387 id
1569 1329 1674 1387 distin·

343 1459 437 1518 gusns
459 1441 497 1500 ab
518 1439 797 1517 interpolationibus
820 1437 1051 1513 antiquioribus,
1079 1435 1109 1492 id
1131 1433 1252 1503 estiis,
1279 1451 1356 1508 quae
1377 1433 1528 1507 profectae
1549 1450 1589 1490 ex
1612 1432 1674 1508 syl·

345 1543 423 1620 logis
445 1543 565 1618 scriptis
586 1541 708 1599 saeculo
723 1539 782 1598 XV
804 1546 866 1596 tum
889 1557 954 1596 cum
977 1535 1143 1594 scribebam
1166 1534 1263 1592 adhuc
1283 1534 1445 1591 latentibus
1467 1533 1596 1608 primum
1619 1551 1674 1608 pu·

346 1643 421 1702 blice
443 1643 538 1700 editae
559 1649 630 1699 sunt
649 1642 680 1699 in
699 1658 821 1716 corpore
836 1639 1043 1708 Mazochiano,
1065 1636 1161 1694 erravi
1177 1653 1236 1694 non
1251 1635 1287 1693 de
1302 1634 1417 1704 fraude,
1439 1635 1493 1692 sed
1508 1635 1545 1692 de
1558 1633 1674 1691 fraudis

346 1743 460 1819 origine
487 1751 518 1801 et
538 1749 644 1800 aetate.
688 1741 752 1799 lam
779 1759 845 1798 cum
867 1739 1002 1815 syllogus
1023 1737 1091 1796 illas
1113 1737 1342 1813 cognoverimus
1369 1735 1557 1812 perscrutati·
1570 1735 1677 1794 biblio·

347 1845 465 1913 thecas,
493 1843 613 1900 videant
641 1842 663 1899 ii
688 1842 739 1918 qui
766 1842 870 1899 titulos
898 1841 1028 1898 urbanos
1055 1844 1287 1916 recognoscunt,
1315 1856 1386 1894 num
1413 1837 1477 1895 fieri
1504 1835 1616 1913 possit,
1644 1845 1677 1894 ut

347 1944 475 2018 demptis
503 1942 799 2019 interpolationibus,
826 1958 901 2016 quas
929 1959 948 1997 a
977 1938 1174 1998 Gutenstenio
1202 1939 1352 2015 prolectas
1379 1956 1445 1997 esse
1474 1938 1547 1996 mihi
1573 1938 1678 1996 videor

347 2044 586 2114 demonstrasse,
615 2041 855 2102 Gutensteniana
882 2059 918 2098 ea
945 2041 981 2098 de
1010 2041 1120 2116 quibus
1147 2040 1265 2118 agimus
1291 2039 1415 2098 redeant
1442 2039 1480 2096 ad
1508 2037 1678 2114 carpensis

347 2144 402 2202 illa
427 2152 568 2221 excerpta
594 2144 725 2218 itemque
746 2142 936 2200 Menochium
964 2141 1077 2200 editum
1104 2159 1171 2198 cum
1194 2140 1410 2215 supplementis
1432 2140 1552 2218 scriptis
1574 2139 1678 2198 Metel·

347 2245 449 2302 lianis:
472 2253 505 2303 ut
526 2244 645 2303 tandem
668 2243 829 2320 aliquando
850 2237 986 2317 quiescat
1007 2241 1112 2300 umbra
1133 2241 1261 2299 molesta
1282 2241 1394 2300 codicis
1415 2241 1504 2300 istius
1519 2240 1679 2299 cardinalis

350 2343 523 2421 carpensis,
545 2346 601 2406 sub
616 2361 676 2419 quo
690 2344 810 2402 nomine
824 2361 902 2418 quae
914 2342 1004 2400 hodie
1020 2343 1278 2412 circumferuntur,
1300 2361 1336 2400 ea
1350 2342 1487 2418 equidem
1503 2359 1680 2418 persuasum

349 2445 446 2504 habeo
474 2454 527 2502 aut
547 2445 684 2522 vulgaria
709 2462 775 2502 esse
802 2450 853 2501 aut
874 2461 973 2501 meras
995 2461 1091 2520 nugas
1114 2461 1132 2500 a
1156 2441 1354 2502 Gutenstenio
1377 2443 1572 2521 excogitatas.
1615 2442 1680 2501 Eos

351 2553 450 2603 autem
479 2545 597 2616 titulos,
625 2545 677 2619 qui
704 2544 813 2619 prolati
841 2563 909 2601 cum
936 2543 1083 2601 eiusmodi
1110 2543 1283 2602 auctoritate
1308 2544 1503 2602 nihilominus
1527 2544 1636 2602 absunt
1662 2563 1682 2602 a

351 2645 471 2704 schedis
493 2645 614 2721 scriptis
629 2645 819 2714 Metellianis,
841 2661 918 2720 quas
940 2644 1102 2703 secundum
1125 2663 1259 2720 eaquae
1281 2644 1411 2703 diximus
1433 2645 1492 2702 iarn
1516 2645 1589 2704 satis
1610 2661 1681 2702 con-

352 2754 411 2806 stat
432 2753 492 2804 tam
515 2745 618 2821 plenas
638 2763 706 2803 esse
728 2745 817 2802 hodie
838 2745 869 2802 in
891 2745 1073 2803 bibliotheca
1088 2743 1234 2803 Vaticana
1256 2763 1346 2820 quam
1368 2746 1490 2804 fuerunt
1511 2747 1591 2821 apud
1610 2744 1681 2802 Val-

351 2846 466 2916 laeum,
495 2856 574 2905 totos
596 2847 680 2904 fictos
701 2864 767 2904 esse
788 2847 918 2904 arbitror
939 2864 958 2903 a
980 2843 1194 2918 Gutenstcnio,
1223 2847 1313 2922 idque
1333 2847 1454 2922 quidam
1477 2853 1556 2904 certe
1577 2864 1680 2904 eornm

353 2946 535 3006 absurditate
556 2945 689 3024 insignes
712 2948 830 3023 egregie
852 2947 1037 3005 confirmant.
1080 2947 1221 3022 Exempli
1243 2965 1335 3006 causa
1356 2947 1449 3024 selegi
1472 2947 1559 3005 hunc.

462 3073 561 3125 Romae
580 3075 607 3124 in
627 3075 704 3124 domo
723 3075 783 3125 Iulii
801 3075 937 3124 Matthaei.

506 3165 559 3216 Pro
583 3167 664 3216 salute
688 3167 784 3215 reditus
804 3166 857 3215 divi
877 3167 930 3216 Titi
950 3165 1025 3217 Caes.
1049 3166 1103 3215 divi
1121 3167 1183 3230 imp.
1203 3166 1356 3230 Vespasiani
1376 3167 1445 3230 Aug.
1465 3167 1484 3216 l.
1505 3165 1537 3228 Q.
1556 3165 1682 3216 Laberius

506 3257 588 3308 Rufus
606 3273 658 3307 sac.
678 3257 721 3307 del
740 3257 859 3308 Herculis
877 3274 903 3322 p.
923 3273 944 3307 s.
963 3273 989 3322 p.

464 3347 537 3400 Grut.
554 3348 615 3410 113,
630 3349 647 3398 4
664 3339 785 3398 ‘Grutero
797 3347 918 3400 Metellus
938 3363 952 3396 e
971 3363 1018 3398 ms.
1035 3347 1092 3398 eod.
1106 3348 1200 3400 Franc.
1213 3345 1295 3409 [immo
1308 3347 1405 3412 fratris]
1418 3348 1527 3398 Iucundi
1540 3349 1585 3413 qni
1598 3341 1683 3398 vidlt'.

354 3459 462 3520 Nonne
488 3463 529 3535 is,
558 3464 610 3539 qui
639 3463 687 3520 hic
714 3463 847 3521 venditat
873 3469 944 3521 vote
969 3463 1072 3521 nescio
1100 3480 1177 3539 quae
1204 3480 1259 3540 pro
1285 3463 1347 3521 divi
1373 3461 1561 3538 imperatoris
1587 3462 1685 3521 reditu

355 3575 497 3640 suscepta
521 3564 632 3640 quique
658 3563 837 3640 gemmulam
862 3582 1014 3641 percaram
1036 3563 1150 3621 invenit
1170 3563 1297 3622 salutem
1319 3583 1379 3623 non
1400 3563 1603 3639 imperatoris,
1631 3563 1685 3622 sed

354 3664 482 3736 reditus,
510 3666 599 3739 plane
624 3665 702 3722 idem
730 3672 791 3735 est,
818 3682 905 3740 quem
928 3681 1020 3740 supra
1040 3663 1169 3722 vidimus
1191 3665 1330 3740 genetivo
1349 3665 1477 3725 Pietatis
1499 3683 1553 3742 pro
1575 3664 1686 3722 Pietati

354 3763 476 3834 ‘offendi
497 3764 705 3839 imperatorem
723 3761 885 3827 Caesarem
907 3764 1007 3822 divum
1022 3763 1152 3824 Nervam
1168 3765 1332 3825 Traianum
1355 3784 1459 3826 secure
1481 3763 1686 3842 concoquere?

334 3863 447 3947 “Addo
469 3871 634 3922 monstrum
656 3863 815 3939 gemellum
836 3873 867 3922 et
888 3871 987 3923 taceo:

359 3997 362 4002 '
465 3991 564 4042 Romae
583 3992 610 4041 in
629 3992 726 4057 palatio
746 3992 883 4042 cardinalis
903 3992 1057 4044 (lensensis.

510 4082 639 4132 Felicitati
657 4098 715 4148 aug.
735 4089 761 4133 et
779 4083 955 4148 providentiae
975 4085 1028 4136 divi
1048 4085 1104 4137 Titi
1122 4086 1184 4150 imp.
1198 4087 1352 4151 Vespasiani
1372 4089 1439 4152 Aug.
1459 4087 1478 4136 l.
1498 4087 1605 4138 sublatis
1623 4101 1685 4152 pop.

509 4173 584 4224 Rom.
598 4167 693 4225 hostib.
708 4176 932 4239 perniciosissimis
946 4175 976 4227 0.
990 4176 1081 4227 Aelius
1095 4179 1232 4230 Successus
1245 4179 1275 4228 L.
1289 4178 1412 4228 Cocceius
1425 4179 1500 4229 Felix
1513 4193 1534 4228 s.
1548 4193 1573 4242 p.
1586 4177 1605 4227 l.
1619 4193 1642 4228 c.

469 4263 542 4314 Grut
558 4266 619 4328 als,
635 4267 649 4316 8
668 4257 795 4317 ‘Gutenst
815 4281 829 4316 e
849 4283 896 4316 ms.
915 4260 1036 4318 Metelli'.

442 4378 471 4435 4.
516 4375 621 4437 Smetii
643 4380 761 4456 sylloge
783 4382 905 4457 scripta,
926 4383 1004 4441 unde
1025 4391 1168 4458 excerpta
1188 4384 1433 4458 supradiximus
1456 4381 1618 4442 Gruterum
1640 4399 1688 4441 ac·

359 4489 446 4555 cepta
471 4480 582 4538 relerre
610 4499 676 4539 cum
700 4479 842 4559 Scioppio
869 4491 931 4541 tum
953 4483 1127 4558 praesertim
1152 4482 1367 4556 Gutenstenio,
1394 4503 1462 4542 cum
1484 4483 1581 4543 adhuc
1604 4490 1691 4544 extet

360 4589 480 4640 servata
504 4581 593 4640 hodie
617 4581 647 4640 in
669 4582 849 4641 bibliotheca
868 4583 989 4660 publica
1009 4583 1211 4661 Neapolitana
1232 4585 1311 4660 (cod.
1328 4585 1364 4644 V.
1386 4585 1422 4644 Ε.
1445 4584 1547 4662 brol.)
1574 4589 1605 4644 el
1627 4593 1691 4643 totu

360 4691 463 4741 nostra
488 4699 580 4742 causa
606 4701 738 4742 excussa
765 4685 819 4756 sit,
849 4703 904 4742 nec
924 4685 998 4742 mihi
1019 4703 1074 4743 nec
1095 4684 1175 4762 quod
1197 4685 1290 4745 sciam
1312 4686 1413 4764 operis
1436 4685 1528 4746 sociis
1549 4703 1691 4762 umquam

361 4781 390 4840 in
413 4785 563 4861 excerptis
579 4781 769 4844 Gruterianis
790 4785 1036 4859 interpolationes
1057 4803 1091 4844 se
1112 4786 1284 4846 obtulerunt
1296 4788 1334 4863 ¹).
1371 4786 1499 4848 Videtur
1519 4787 1611 4866 igitur
1627 4783 1691 4846 Gu-

440 4989 463 5052 ¹)
490 4993 594 5043 Monuit
605 4993 769 5043 Bormsnnns
786 4993 854 5042 titnli
866 4993 913 5054 VI,
929 4993 1000 5044 1025
1015 5013 1049 5036 =
1064 4993 1138 5046 Grnt.
1153 4995 1247 5058 261,5
1267 4993 1327 5048 dica
1344 4992 1477 5048 Commodo
1494 5003 1542 5046 cet.
1563 5011 1621 5046 cum
1640 4995 1692 5046 tria

362 5085 452 5130 extent
470 5081 502 5131 de
520 5083 608 5147 lapide
627 5089 736 5147 exceptu
754 5085 873 5150 exempla
891 5083 984 5136 Smetii
1001 5085 1029 5134 in
1048 5101 1095 5136 ms.
1114 5086 1160 5136 illo
1178 5087 1367 5151 Neapolitano,
1391 5087 1493 5140 Budaei
1512 5087 1581 5152 apud
1599 5085 1691 5136 Metel·

363 5170 428 5230 lum,
450 5170 597 5236 Cittadlnii,
622 5174 710 5226 omnis
729 5176 804 5226 finire
826 5177 854 5226 in
872 5175 997 5226 vocabulo
1016 5173 1178 5228 Philumenae
1196 5183 1222 5228 et
1239 5178 1329 5230 abessa
1347 5179 1380 5229 ab
1399 5179 1432 5229 lis
1449 5177 1591 5230 clausulam
1610 5175 1636 5227 d.
1656 5175 1692 5240 d.,
