3712 5838
658 583 706 633 ou
733 584 877 637 urrvms
902 584 1057 636 turreis.
1443 567 1515 638 249

191 754 257 812 cius
283 761 402 830 tempus
428 753 596 812 accuratius
623 753 794 827 definiatur,
823 757 926 831 paucis
955 754 1135 814 mouendum
1163 765 1221 828 est,
1249 775 1268 814 a
1292 756 1460 833 Borghesio
1486 757 1517 814 iu

191 855 396 932 disputatione
424 854 461 912 de
481 854 633 913 Iuvenalis
659 863 765 931 poetae
791 863 888 914 aetate
910 855 1004 931 (Opp.
1028 854 1056 912 V
1077 875 1107 932 p.
1130 856 1257 932 49sqq.)
1282 857 1517 916 demonstratum

191 972 259 1015 esse
281 955 434 1018 Aemilium
455 955 574 1012 luccam
595 963 625 1014 et
645 955 752 1013 Iulium
773 956 909 1014 Seuerum
930 957 1083 1029 consules,
1112 956 1151 1015 ad
1176 975 1304 1032 quorum
1332 977 1442 1016 aunum
1463 957 1518 1016 Ul-

192 1057 299 1134 pianus
322 1055 406 1131 (Dig.
422 1055 490 1126 XL,
510 1054 546 1128 V,
568 1055 588 1112 l.
605 1055 644 1114 28
665 1055 730 1131 54)
752 1062 875 1114 senatus
898 1057 1066 1115 consultum
1081 1057 1257 1115 [uncianum
1278 1059 1397 1131 referat,
1419 1060 1517 1117 fasces

193 1157 328 1233 gessisse
350 1156 462 1214 ultimis
484 1155 637 1214 mensibus
659 1155 729 1212 anni
753 1155 810 1213 127
833 1175 863 1233 p.
887 1154 959 1215 (ihr.
983 1157 1058 1232 (880
1081 1177 1109 1214 u.
1132 1156 1183 1232 c).
1227 1157 1351 1218 Scilicet
1371 1161 1402 1217 iu
1423 1159 1517 1235 diplo-

193 1267 273 1317 mate
294 1257 417 1315 militari
437 1257 525 1314 tertio
542 1256 654 1314 mensis
669 1255 809 1315 Octobris
831 1257 889 1328 dic,
911 1275 975 1314 cum
990 1257 1164 1315 Hadrianus
1185 1258 1347 1334 imperator
1361 1260 1519 1318 tribunicia

191 1364 339 1435 potestate
360 1357 406 1414 XI
427 1363 508 1415 esset
529 1355 563 1431 (i.
585 1375 609 1414 e.
636 1355 693 1414 127
715 1375 745 1432 p.
769 1355 854 1434 Chr.)
876 1359 1042 1434 composito
1064 1358 1111 1417 bis
1132 1358 1300 1434 perscripta
1320 1368 1391 1418 sunt
1411 1377 1519 1420 consu·

192 1457 254 1516 lum
280 1458 415 1529 nomiua;
442 1465 569 1532 auoque
595 1457 662 1514 loco
689 1456 850 1516 admodum
881 1458 1017 1516 mutilata
1047 1466 1131 1528 sunt,
1158 1457 1210 1516 sed
1236 1459 1422 1535 Borghesius
1450 1479 1519 1537 gra·

193 1558 326 1616 vissimis
354 1560 538 1636 argumentis
569 1557 667 1615 effecit
695 1574 720 1615 u.
748 1573 874 1616 uenturo
903 1573 1001 1617 rvuco
1029 1573 1091 1616 sax.
1123 1574 1206 1617 rvuro
1234 1573 1350 1618 ssvsao
1377 1561 1520 1636 scriptum

192 1657 296 1718 fuisse.
332 1657 382 1716 Ad
397 1659 474 1716 huuc
489 1677 599 1716 anuum
614 1658 706 1733 igitur
724 1659 982 1716 etiaquvenalis
997 1658 1096 1716 locum
1111 1657 1183 1730 XV,
1200 1659 1238 1716 27
1263 1661 1518 1734 „coasuteIuaco“
1613 1683 1614 1688 ¹

193 1758 380 1818 referendum
402 1777 479 1817 esse.
513 1758 573 1816 Hic
593 1766 691 1817 autem
707 1759 780 1835 quin
794 1758 871 1817 idem
886 1759 976 1817 fuerit
990 1777 1056 1817 cum
1076 1758 1129 1816 illo
1144 1759 1195 1835 qui
1216 1761 1248 1818 iu
1263 1761 1379 1820 Achaia
1398 1779 1521 1820 mouere

193 1860 284 1936 legati
306 1859 482 1918 correctoris
504 1859 625 1917 functus
648 1868 702 1930 est,
728 1876 824 1934 neque
845 1859 1030 1940 Borghesjus
1053 1859 1201 1917 dubitavit
1223 1879 1319 1935 neque
1341 1880 1521 1938 quemquam

193 1961 285 2019 alium
306 1960 507 2018 dubitaturum
528 1967 611 2036 puto.
653 1959 719 2016 Iam
747 1961 774 2018 si
801 1959 923 2018 definire
949 1959 1085 2017 volemus
1111 1977 1172 2035 quo
1194 1967 1329 2036 tempore
1350 1980 1416 2019 eam
1437 1963 1519 2038 lega-

193 2060 303 2120 tionem
329 2061 509 2136 susceperit,
536 2059 738 2135 quaerendum
764 2069 825 2130 est,
852 2066 951 2118 utrum
977 2067 1046 2117 aute
1073 2060 1260 2119 consulatum
1283 2079 1320 2118 ea
1340 2061 1460 2120 iunctus
1482 2062 1521 2120 sit

193 2179 231 2220 au
252 2169 368 2238 postea.
411 2161 512 2236 Atque
538 2179 604 2218 cum
632 2160 791 2218 viderimus
817 2167 937 2235 praeter
961 2178 1029 2218 eum
1054 2159 1153 2234 ipsum
1175 2178 1230 2218 sex
1251 2161 1420 2220 innotuisse
1442 2163 1520 2221 eius-

193 2261 274 2320 modi
294 2262 411 2338 legatos
433 2269 616 2319 correctores
634 2260 796 2319 liberarum
818 2260 993 2332 civitatium,
1015 2259 1107 2318 adid
1128 2260 1339 2320 attendendum
1361 2271 1417 2332 est,
1439 2263 1520 2338 quod

193 2382 233 2421 ex
254 2362 301 2421 bis
323 2363 345 2420 ii
367 2362 426 2421 duo
448 2363 500 2437 qui
523 2361 655 2420 Traiano
677 2371 707 2419 et
728 2359 884 2419 Hadriano
906 2359 1137 2437 imperatoribus
1158 2360 1290 2434 fuerunt,
1320 2361 1466 2422 Maximus
1489 2372 1519 2422 et

194 2462 371 2522 Pactumeius
401 2463 543 2534 Clemens,
576 2480 612 2520 eo
645 2480 767 2520 munere
799 2468 868 2519 aute
893 2461 1088 2542 consolatum
1117 2457 1250 2537 functi¹)
1277 2469 1357 2520 suut.
1407 2461 1520 2522 Contra

194 2572 334 2638 quattuor
364 2563 410 2621 illi
441 2563 622 2621 recentiores
655 2562 707 2637 qui
736 2561 795 2619 iam
828 2561 1005 2619 correctoris
1038 2562 1157 2618 nomine
1184 2568 1308 2620 utuntur
1333 2582 1520 2641 quorumque

193 2682 281 2722 nemo
303 2662 468 2723 Commodo
491 2661 641 2738 antiquior
662 2671 709 2720 est
730 2661 889 2737 (Epuutius
903 2661 1058 2732 Proculus,
1076 2659 1114 2718 L.
1130 2661 1273 2737 Epaaaus
1294 2663 1392 2722 Victor
1406 2664 1520 2722 Lollio-

194 2783 262 2835 aas,
292 2765 335 2823 Ti.
361 2749 500 2824 Ciaudius
529 2764 730 2839 Callippiaaus
753 2763 889 2832 Italicus,
921 2761 971 2822 eu.
1003 2760 1142 2820 Claudius
1168 2761 1337 2838 Leontinus)
1364 2763 1403 2821 ad
1428 2783 1519 2822 unum

194 2883 297 2925 omnes
319 2866 351 2923 in
371 2864 467 2923 titulis
483 2856 617 2921 incrensi
629 2872 780 2922 vocantur.
818 2860 920 2935 Quare
934 2863 1007 2936 quin
1029 2880 1065 2920 ea
1082 2880 1132 2920 res
1146 2862 1368 2921 Antoninorum
1389 2871 1522 2941 tempore

195 2965 333 3026 innotata
359 2966 413 3036 sit,
439 2966 562 3024 dubium
588 2983 648 3022 non
674 2972 730 3023 est.
780 2964 845 3021 lmo
875 2963 965 3022 etiam
996 2980 1049 3020 cur
1073 2962 1159 3020 initio
1180 2964 1324 3040 praetorii
1349 2965 1433 3023 missi
1454 2967 1522 3036 sint,

194 3066 340 3143 explicari
360 3084 451 3142 posse
477 3065 551 3124 mihi
577 3065 703 3124 videtur.
747 3062 823 3123 Cum
847 3064 927 3121 enim
948 3080 996 3120 res
1022 3063 1089 3137 ipsa
1109 3064 1198 3139 plane
1219 3082 1298 3121 nova
1319 3071 1409 3139 atque
1430 3065 1522 3124 inusi-

195 3177 259 3226 tata
278 3175 371 3239 esset,
399 3167 429 3224 in
450 3167 605 3243 provincia
631 3164 783 3223 senatoria
803 3172 921 3240 praeter
941 3161 1153 3238 proconsulem
1174 3162 1364 3238 imperatoris
1386 3165 1520 3240 legatum

195 3269 299 3328 eadem
320 3282 410 3344 atque
436 3267 521 3326 illum
548 3271 696 3342 potestate
721 3262 836 3339 esaei),
861 3265 1057 3338 imperatores
1079 3261 1111 3318 id
1131 3268 1211 3318 certe
1233 3261 1351 3320 cavisse
1373 3263 1520 3336 videntur,

195 3387 233 3428 ne
246 3369 419 3447 dignitatem
433 3377 555 3426 senatus
571 3366 660 3424 nimis
675 3365 881 3436 inminuerunt,
897 3363 923 3421 si
938 3362 1088 3420 hominem
1102 3361 1292 3419 consularem
1305 3381 1342 3419 eo
1357 3362 1518 3435 mitterent,

194 3489 262 3530 cum
282 3469 448 3548 proconsul
461 3468 594 3528 Achaiae
615 3484 676 3525 uon
697 3473 777 3524 esset
797 3465 855 3522 nisi
876 3462 1052 3538 praetorius.
1085 3460 1197 3519 Postea
1211 3469 1319 3534 autem,
1340 3481 1431 3537 quum
1445 3463 1521 3520 illud

194 3588 303 3630 munus
325 3570 466 3629 desiisset
485 3587 596 3626 novum
617 3575 706 3642 atque
727 3567 877 3623 insuetum
899 3579 979 3634 esse,
1006 3561 1201 3635 imperatores
1224 3562 1289 3620 eius
1309 3563 1354 3621 rei
1373 3564 1520 3621 rationem

194 3691 254 3731 nou
276 3671 406 3747 amplius
428 3668 595 3727 habendam
616 3666 770 3743 putabant.
814 3661 875 3724 Sed
897 3663 1132 3737 utcumquehoc
1154 3663 1305 3735 sehabet,
1335 3682 1373 3720 ex
1394 3663 1521 3722 Maximi

195 3779 226 3832 et
238 3772 394 3831 Pactumei
409 3769 573 3830 Clementis
595 3766 742 3844 exemplis
763 3766 827 3823 iure
841 3764 982 3840 colligere
1000 3763 1080 3834 licet,
1102 3762 1192 3820 etiam
1206 3761 1333 3820 iuncum
1346 3767 1520 3836 praetorium

195 3873 226 3932 iu
247 3873 395 3932 Achaiam
416 3872 541 3930 missum
563 3869 681 3945 ceseii),
708 3867 750 3925 ita
773 3873 887 3924 utnon
908 3872 1106 3938 postannum
1130 3861 1188 3920 126
1210 3881 1239 3938 p.
1263 3860 1348 3935 cur,
1378 3863 1429 3938 qui
1451 3881 1518 3921 cou-

195 3973 326 4032 sulatum
348 3973 524 4043 antecessit,
551 3969 655 4027 titulus
676 3977 802 4043 uterque
823 3973 853 4024 et
873 3948 991 4024 Atticus
1013 3973 1043 4022 et
1064 3961 1229 4040 Spartanus
1250 3962 1433 4040 compositus
1454 3981 1519 4023 esse

195 4074 302 4150 possit.
335 4047 424 4147 Quod
445 4071 524 4130 haud
545 4070 630 4147 parti
643 4068 787 4127 momenti
807 4076 855 4126 est
875 4073 998 4144 propter
1010 4065 1215 4142 quaestionem
1237 4064 1274 4123 dc
1296 4071 1403 4124 senatu
1417 4065 1518 4124 Attico

195 4175 424 4252 quingentorum
445 4181 475 4231 et
495 4179 714 4231 sexcentorum.

779 4317 801 4352 ἢ

272 4459 295 4521 ¹)
317 4455 455 4508 Mammam
478 4455 636 4520 praetorium
663 4453 742 4503 fuisse
769 4467 826 4501 cum
853 4451 881 4500 in
904 4449 1043 4500 Graeciam
1067 4447 1211 4496 mitteretur
1235 4446 1412 4494 demonstrant
1437 4445 1517 4496 Plinii

195 4551 274 4601 verba
298 4551 324 4610 8,
351 4549 395 4610 24,
416 4549 445 4597 ⁷:
477 4551 566 4596 camut
587 4551 610 4594 te
634 4550 782 4609 quaesturas
801 4548 858 4590 tuae
869 4539 946 4604 samu
965 4554 1037 4603 quam
1061 4552 1092 4586 ere
1109 4534 1233 4600 Bithynia
1251 4535 1366 4599 optimam
1389 4536 1515 4594 revexisti,

196 4647 284 4692 namot
295 4637 441 4698 tribunatus,
460 4643 584 4704 praetura
596 4641 670 4700 atque
682 4631 744 4682 iaec
762 4633 820 4697 ipsu
833 4629 926 4696 lequtio
940 4629 1014 4694 quusi
1029 4627 1166 4693 praemium
1184 4624 1254 4674 data.
1286 4623 1446 4674 Pactumeius
1462 4622 1515 4674 ete-

194 4747 269 4793 mens,
293 4731 315 4788 si
335 4730 454 4780 ordinem
472 4742 606 4777 munerum
624 4726 653 4775 in
672 4723 745 4773 titulo
765 4721 934 4787 perscriptum
952 4718 1089 4783 sequimur,
1114 4717 1179 4767 adeo
1205 4712 1354 4764 tribunicius
1373 4728 1403 4763 so
1423 4716 1516 4764 missus

195 4829 242 4873 est.
279 4821 349 4872 Num
369 4819 442 4870 aliud
465 4824 548 4869 exstet
570 4815 715 4879 exemplum
733 4813 812 4878 legati
830 4811 942 4875 Augusti
960 4823 1007 4875 pro
1026 4815 1145 4873 praetore
1162 4806 1277 4857 noudum
1296 4811 1417 4870 praetura
1434 4803 1516 4854 iuncti

194 4915 297 4980 ignoro.

271 4999 296 5064 ²)
320 5001 379 5054 Nisi
399 4999 470 5066 quod
488 4999 563 5049 huius
575 5002 689 5062 potestas
707 4993 742 5044 sd
758 4992 854 5044 liberas
870 4991 994 5052 civitates,
1014 4991 1083 5040 illius
1100 4988 1133 5040 ad
1152 4989 1276 5052 reliquam
1290 4987 1439 5053 provinciae
1457 4999 1516 5052 par-

195 5104 247 5147 tem
284 5093 420 5144 sumebas

266 5110 297 5246 1i)
322 5183 474 5251 praesertim
492 5196 551 5233 cum
568 5179 644 5233 aliter
661 5165 776 5228 inuersis
794 5177 822 5228 in
840 5175 915 5226 titulo
932 5174 1022 5226 Attico
1041 5173 1085 5222 rix
1103 5171 1271 5222 omitteretur.
