3742 5826
317 544 387 614 190
906 554 1050 606 ssxzsx

392 730 502 792 'Galba
528 740 557 791 et
578 731 668 788 Vinio
694 727 858 788 interiectis
883 728 913 784 in
940 727 1007 803 ipso
1033 724 1190 783 consulatu
1215 742 1242 780 a
1259 721 1298 780 69
1321 723 1370 780 dic
1391 721 1456 780 Ian.
1475 722 1529 794 15,
1557 720 1639 781 Otho

311 853 378 894 cum
405 835 496 892 fratre
518 831 641 889 Titiano
667 831 698 888 in
724 829 823 888 locutu
845 845 947 886 eorum
969 825 1128 897 successit,
1155 823 1210 882 sed
1230 833 1264 882 ut
1285 823 1475 882 consulatum
1500 824 1643 882 retineret

312 946 426 993 tantum
448 934 486 991 ad
509 933 597 990 linem
619 931 731 990 mensis
752 929 918 1000 Februarii,
939 928 971 986 id
991 927 1072 1003 quod
1093 937 1124 984 et
1137 925 1262 984 Tacitus
1282 926 1324 983 ait
1345 932 1375 983 et
1395 935 1465 982 acts
1478 923 1640 983 Arvalium

311 1054 406 1112 nuper
432 1035 551 1110 egregie
572 1031 797 1102 confirmarunt,
824 1049 893 1088 cnm
913 1030 944 1088 ls.
967 1029 1085 1086 Martiis
1107 1026 1248 1085 consules
1270 1033 1384 1103 ponant
1405 1045 1466 1084 non
1488 1024 1564 1095 hos,-
1590 1025 1642 1082 sed

310 1135 421 1194 Rufum
443 1143 474 1192 et
489 1133 664 1208 Vopiscum.
707 1132 842 1190 Inierunt
863 1138 961 1188 antem
985 1128 1120 1188 Othoues
1141 1127 1250 1186 fratres
1271 1145 1332 1184 non
1352 1127 1421 1202 ipso
1444 1145 1480 1184 eo
1500 1126 1560 1197 die,
1582 1144 1642 1202 quo

311 1236 411 1294 Galba
436 1253 503 1293 cum
519 1233 609 1292 Vinio
636 1233 762 1304 interiit,
789 1232 843 1290 sed
864 1239 933 1307 post
953 1229 1159 1300 intervallum,
1187 1228 1303 1287 scilicet
1323 1228 1403 1286 iuter
1423 1227 1488 1286 dies
1510 1226 1575 1285 lau.
1593 1225 1642 1296 26,

311 1355 371 1413 quo
393 1336 472 1396 diem
494 1335 602 1406 solum,
624 1334 764 1394 consules
786 1333 887 1390 nullos
909 1335 976 1390 acta
996 1330 1152 1388 Arvalium
1175 1329 1346 1400 enuntiant,
1369 1335 1399 1386 et
1419 1328 1485 1386 Ian.
1504 1329 1559 1398 30,
1582 1347 1643 1404 quo

311 1437 424 1494 habent
444 1435 584 1494 consules
608 1432 753 1494 Othones.
796 1433 922 1491 Vacavit
942 1432 1033 1510 igitur
1054 1449 1189 1489 summus
1211 1431 1406 1508 magistratus
1426 1448 1483 1506 per
1503 1429 1568 1488 dics
1589 1448 1643 1488 uu·

312 1537 409 1596 decim
430 1537 480 1595 vel
502 1535 604 1612 paullo
627 1535 737 1610 plures.

394 1635 463 1710 ‘Qui
486 1645 696 1698 successerunt
711 1634 880 1695 Otbouibus
902 1632 931 1692 d.
946 1634 1034 1692 Mart.
1053 1634 1066 1690 l
1090 1632 1127 1690 L.
1141 1631 1305 1709 Verginius
1326 1631 1426 1690 nutus
1441 1631 1472 1689 11
1493 1630 1530 1690 L.
1552 1631 1643 1690 Potn-

313 1739 400 1815 peius
415 1738 578 1816 Vopiscus,
600 1755 652 1796 eos
674 1737 713 1794 ab
727 1735 848 1794 Othone
870 1736 1043 1812 designatos
1066 1751 1131 1794 esse
1146 1732 1271 1791 Tacitus
1293 1733 1408 1804 scribit,
1431 1730 1544 1791 addens
1565 1743 1643 1792 ccta-

315 1857 364 1898 ros
391 1839 529 1898 consules
556 1837 706 1896 mansisse
732 1855 771 1894 ex
796 1837 995 1896 destinatione
1016 1835 1149 1912 priorum
1171 1836 1393 1908 imperatorum.
1434 1832 1534 1892 Etiam
1557 1851 1644 1892 accu-

312 1939 408 1999 ratius
436 1940 479 1998 ait
499 1938 680 1997 Plutarchus
703 1937 774 1996 Oth.
798 1940 829 1996 l:
856 1925 886 1994 ἓν
912 1926 961 2004 μεν
986 1930 1073 1996 resistis
1094 1934 1205 2010 (Otho)
1232 1923 1383 1992 ὑπατεύειν
1404 1923 1508 2016 χρονον
1529 1921 1643 2002 ἦμεὶλε,

312 2031 412 2097 τούτου
435 2031 514 2122 με’ρος
534 2031 636 2104 ἴνειμεν
658 2031 811 2122 Ονέργινῖῳ
832 2029 954 2114 Ῥούφῳ.
998 2038 1127 2096 Romus·
1147 2054 1269 2104 menses,
1292 2051 1369 2110 quos
1392 2032 1543 2094 Othonem
1564 2035 1643 2095 Rufo

314 2151 344 2199 et
365 2139 499 2217 Vopisco
521 2139 721 2199 destinavisse
743 2140 820 2198 idem
843 2139 968 2198 Tacitus
991 2147 1095 2198 auctor
1117 2147 1173 2208 est,
1194 2136 1322 2195 Martius
1344 2145 1374 2193 et
1396 2134 1510 2213 Aprilis
1534 2136 1645 2194 luerint

314 2259 436 2300 necesse
458 2249 518 2312 est,
544 2260 612 2300 cum
634 2241 809 2317 praesertim
833 2241 925 2298 addat
945 2240 985 2299 iis
1008 2239 1192 2298 successisse
1214 2237 1353 2295 consules
1376 2234 1505 2298 Sabinos
1527 2245 1644 2296 creatos

313 2343 345 2400 in
366 2343 396 2400 k.
419 2341 522 2411 Iulias,
544 2342 574 2400 id
595 2342 713 2417 estqui
734 2359 788 2417 per
809 2358 928 2400 menses
950 2341 1062 2398 Maium
1083 2347 1114 2399 et
1134 2339 1254 2397 Iunium
1277 2338 1375 2398 issoes
1397 2349 1544 2415 gererent.
1581 2337 1643 2396 Do-

314 2449 438 2500 cuerunt
460 2449 560 2501 tamen
581 2451 647 2500 acta
660 2442 818 2501 Arvalium
833 2440 962 2502 Sabinos
984 2443 1084 2500 fasces
1107 2441 1166 2498 iam
1182 2440 1314 2500 tenuisse
1332 2440 1361 2498 d.
1377 2442 1453 2515 Apr.
1470 2441 1525 2511 303
1548 2457 1644 2514 nequo

314 2543 344 2600 id
373 2543 488 2602 ratione
516 2551 606 2602 caret.
650 2542 730 2602 Nam
759 2543 876 2602 devicto
898 2541 1018 2603 Othone
1044 2552 1074 2600 et
1099 2541 1256 2600 interiecto
1283 2541 1312 2600 d.
1343 2559 1368 2600 c.
1391 2543 1466 2618 Apu.
1488 2541 1527 2599 16
1548 2540 1645 2599 Rufus

315 2643 516 2719 expeditionis
539 2660 638 2702 comes
661 2654 691 2702 et
711 2645 795 2721 'regni
816 2644 1037 2721 quodammodo
1059 2643 1213 2702 affectator
1234 2643 1346 2700 invitus
1367 2643 1468 2700 statim
1483 2642 1579 2701 fasces
1594 2642 1644 2699 de-

315 2745 449 2817 posuerit
471 2761 593 2802 uecesse
614 2755 661 2802 cst
681 2745 807 2820 eiusque
828 2745 999 2821 exemplum
1022 2743 1168 2822 collegam
1190 2753 1331 2804 secutum
1348 2761 1415 2802 esse
1437 2743 1602 2819 probabile.

398 2839 530 2900 ‘Praeter
551 2844 636 2919 paria
657 2865 693 2904 es
713 2845 782 2914 duo,
804 2846 840 2903 de
862 2846 969 2921 quibus
992 2845 1134 2916 diximus,
1155 2845 1187 2902 in
1204 2845 1282 2902 hunc
1297 2864 1408 2903 artuum
1424 2845 1565 2903 consules
1580 2845 1645 2902 nul·

315 2943 361 3000 los
384 2942 556 3018 designatos
579 2962 644 3003 csse
666 2946 704 3004 ab
719 2945 839 3005 Othone
861 2955 1000 3004 auctores
1020 2944 1131 3005 diserte
1152 2946 1304 3004 affirmant
1324 2945 1505 3004 Plutarchus
1521 2944 1594 3004 Oth.
1613 2946 1644 3003 l:

317 3029 346 3099 hv
368 3031 416 3108 μὲν
437 3037 523 3104 sedric
537 3039 686 3104 ὑπατεύειν
701 3041 804 3128 χρόνον
822 3036 935 3116 vinciis,
956 3036 1056 3103 τούτου
1071 3037 1150 3128 μέρος
1161 3037 1264 3114 ,ἔνειμεν
1286 3040 1438 3129 Οὐεργινίῳ
1453 3038 1569 3122 Ρούφῳ,
1589 3047 1646 3104 τοῖς

317 3134 348 3222 δὲ
367 3136 612 3220 ἀποδεδειγμένοις
631 3142 685 3204 sind
702 3137 821 3228 Νέρωνος
839 3137 980 3217 >irridere
1001 3149 1089 3204 πᾶπιν
1111 3139 1225 3229 s'ra'pnre
1247 3141 1300 3206 τὰς
1321 3139 1456 3207 ὖπιιπεῖαο
1477 3154 1507 3208 el
1521 3147 1646 3206 Tacitus

317 3243 388 3304 hist.
407 3245 432 3314 l,
449 3245 497 3303 77:
520 3248 620 3305 consul
640 3267 701 3307 cnm
719 3250 828 3310 dinnao
843 3253 941 3326 fratre
962 3252 992 3307 in
1010 3249 1038 3308 lc.
1055 3250 1183 3308 Martias
1195 3253 1273 3324 ipse:
1291 3253 1438 3324 prosince
1453 3267 1559 3308 menses
1577 3249 1645 3308 Ver·

316 3349 395 3420 pinio
418 3348 543 3406 destinat
638 3353 767 3425 iungitur
783 3351 918 3426 Verginio
932 3351 1085 3426 Pompeius
1102 3350 1243 3425 Vopiscum
1327 3353 1409 3408 ceteri
1430 3349 1647 3410 emaculatum

317 3447 503 3506 destinatione
525 3449 649 3508 Neronis
673 3462 724 3510 ant
749 3451 859 3511 Galbae
880 3470 1021 3524 mansere,
1047 3451 1145 3511 Caelio
1166 3469 1201 3508 uc
1221 3449 1328 3508 Florio
1351 3448 1470 3510 Sabinis
1491 3455 1521 3508 ia
1543 3452 1647 3520 Iulius,

318 3546 408 3606 Arrio
422 3548 567 3607 Antonino
581 3561 606 3609 ct
621 3551 719 3610 Mario
737 3552 817 3611 Celso
840 3552 890 3628 (cf.
908 3554 978 3612 hist.
997 3555 1023 3624 l,
1042 3533 1092 3628 ll)
1115 3556 1145 3610 in
1162 3551 1348 3628 Septembres,
1362 3569 1481 3627 qaorum
1496 3552 1647 3615 torenna

318 3667 353 3707 ne
369 3647 500 3708 Vitellius
522 3651 633 3726 peridem
655 3656 742 3710 sector
763 3656 929 3712 intercessit.
965 3651 1054 3712 Unde
1075 3653 1203 3729 primum
1224 3653 1376 3728 colligitur
1390 3651 1518 3712 Galbam
1541 3653 1598 3711 sibi
1618 3663 1648 3711 et

319 3745 407 3808 Vinio
421 3750 518 3809 fasces
534 3751 654 3810 dedisse
668 3754 699 3810 in
715 3752 880 3810 nundinum
894 3754 1126 3828 quadrimestre;
1146 3773 1214 3811 narn
1230 3754 1286 3812 hoc
1301 3753 1385 3812 aiunt
1399 3765 1536 3812 auctores
1552 3740 1648 3813 Otho·

319 3868 385 3907 nem
409 3851 482 3908 nibil
505 3869 645 3924 novasse,
667 3861 781 3911 tantum
803 3853 966 3912 interfectis
987 3855 1161 3912 consulibus
1184 3856 1260 3914 alios
1281 3856 1437 3914 suffecisse
1458 3873 1604 3932 suumque
1618 3863 1649 3914 et

318 3951 420 4010 fratria
437 3951 620 4029 dignitatem
647 3954 835 4012 consularem
864 3964 1024 4013 coartasse.
1069 3955 1214 4014 Proxima
1234 3957 1293 4015 duo
1315 3956 1448 4016 nundina
1468 3967 1539 4034 post
1560 3976 1648 4016 suum

320 4047 450 4109 Galbam
468 4053 588 4112 dedisse
610 4054 764 4112 bimestris
779 4055 904 4117 Tacitus
925 4056 1035 4114 diserte
1057 4055 1107 4116 ait.
1144 4057 1192 4116 De
1207 4069 1348 4133 quattuor
1362 4058 1517 4117 mensibus
1533 4068 1648 4134 postre-

319 4149 375 4208 mis
403 4149 474 4224 quid
497 4151 523 4210 is
552 4155 704 4228 statuerit,
730 4173 791 4216 uon
813 4158 960 4229 enuntiat,
987 4157 1148 4234 possisque
1169 4158 1261 4217 verba
1281 4158 1411 4218 auctoris
1432 4159 1476 4217 ita
1496 4159 1648 4236 explicare

322 4247 451 4310 Galbam
479 4255 662 4314 consulatus·
682 4276 741 4317 uon
763 4259 885 4318 dedisse
905 4247 964 4318 nisi
985 4260 1022 4318 ad
1045 4260 1122 4338 prid.
1143 4259 1174 4317 k.
1198 4255 1280 4335 Sept.
1324 4264 1366 4318 At
1386 4279 1451 4319 cam
1473 4259 1649 4338 interpreta-

320 4353 433 4412 tionem
460 4355 527 4431 ipse
553 4355 679 4418 Tacitus
704 4359 816 4419 refutat
841 4361 901 4420 alio
926 4361 994 4419 loco
1021 4360 1055 4432 2,
1076 4361 1112 4417 71
1144 4361 1296 4419 consulem
1324 4361 1481 4420 nominans
1508 4363 1539 4421 in
1568 4362 1649 4422 huuc

318 4473 429 4514 annum
452 4456 633 4517 destinatum
656 4458 789 4520 aGalba
803 4461 1131 4521 ValeriumMarinum.
1167 4459 1267 4519 Etiam
1289 4462 1339 4520 alii
1362 4463 1421 4521 duo
1444 4463 1532 4522 simul
1554 4465 1648 4522 nomi·

319 4558 381 4614 nati
404 4558 536 4619 Marcius
557 4561 659 4620 Macer
681 4571 711 4620 et
732 4561 884 4622 Pedanius
907 4561 1001 4622 Costa
1027 4562 1197 4639 pariterque
1223 4572 1314 4638 atque
1336 4563 1471 4622 Marinus
1493 4584 1512 4623 a
1525 4563 1648 4624 Vitellio

320 4658 432 4718 honore
454 4660 554 4719 futuro
575 4663 685 4740 privati
706 4663 783 4723 inter
804 4665 943 4724 consules
964 4665 1075 4724 fuerint
1096 4681 1217 4723 necesse
1239 4672 1286 4722 est
1302 4683 1321 4722 a
1335 4661 1436 4723 Galba
1449 4672 1501 4724 aut
1515 4672 1648 4724 retentos

320 4769 373 4818 aut
398 4760 511 4832 lactos;
538 4781 606 4822 nuru
624 4763 778 4832 ,Othonem
801 4786 820 4825 a
841 4766 1013 4825 consulibus
1035 4766 1171 4826 creandis
1192 4766 1375 4823 abstinuisse
1397 4765 1485 4824 modo
1507 4765 1647 4824 vidimus.

319 4859 459 4938 Denique
474 4860 510 4924 (l.
527 4861 683 4938 Quinctius
699 4866 830 4939 Atticus,
847 4867 904 4944 ¹qui
927 4867 1025 4926 fasces
1048 4867 1144 4946 gessit
1166 4865 1255 4924 huius
1278 4866 1348 4924 anni
1370 4883 1473 4924 mense
1486 4865 1648 4926 Decembri

319 4959 459 5034 (Tacitus
482 4963 515 5038 s,
533 4965 570 5024 73
584 4963 677 5044 seq.),
706 4966 870 5026 credendus
897 4977 943 5026 est
969 4975 999 5026 et
1023 4969 1091 5045 ipse
1113 4967 1283 5027 nominatus
1306 4983 1372 5027 esse
1393 4987 1413 5026 a
1435 4965 1550 5038 Galba,
1578 4985 1647 5025 nam

319 5061 345 5120 si
367 5060 509 5126 Vitellius
530 5085 598 5126 eum
619 5077 753 5128 creasset
773 5068 803 5127 in
824 5069 923 5127 locum
946 5069 1023 5128 alius
1045 5068 1192 5146 designati
1214 5086 1233 5126 a
1255 5066 1366 5140 Galba,
1386 5067 1452 5128 sine
1474 5067 1565 5128 dubio
1588 5067 1648 5126 Ta-

222 5182 231 5201 ·
318 5161 395 5220 citus
424 5183 491 5223 eum
520 5167 616 5227 tribus
641 5168 763 5244 reliquis
786 5168 942 5252 aVitellio
964 5170 1051 5232 lactis
1073 5171 1270 5232 adiunxisset.
1314 5168 1372 5230 His
1393 5170 1501 5247 positis
1523 5177 1648 5246 apparet
