3736 5822
600 1243 1058 1431 suerranum

480 1514 557 1594 AD
587 1515 793 1599 FASTOS
822 1517 953 1599 ANNI
980 1517 1181 1600 IVLIANI

639 1665 715 1740 (vor.
731 1667 746 1724 1
768 1687 798 1744 p.
815 1665 1013 1744 sos-412).

249 2135 411 2194 Fastorum
445 2135 515 2195 unni
544 2135 653 2195 Iuliani
685 2154 763 2212 quae
794 2137 970 2196 tenebamus
999 2137 1185 2213 exemplaria
1213 2149 1302 2199 aueto
1328 2151 1397 2201 aunt
1425 2161 1494 2214 uuo,

165 2255 272 2315 nempe
298 2255 335 2296 eo
361 2237 441 2312 quod
468 2236 680 2296 effossionibus
707 2239 738 2295 in
764 2237 832 2295 luco
858 2236 932 2296 deae
959 2235 1037 2295 Diae
1065 2240 1159 2296 nostri
1186 2241 1267 2316 ragis
1295 2242 1382 2300 iussu
1410 2245 1495 2303 iusti·

165 2338 239 2396 tntis
264 2355 318 2412 per
344 2355 371 2395 a
392 2336 470 2397 1867
491 2345 521 2396 et
542 2336 620 2396 1868
647 2339 725 2396 inter
751 2347 885 2397 aetorum
911 2337 1069 2396 Arvalium
1096 2338 1237 2414 reliquias
1264 2349 1414 2417 repertum
1440 2354 1501 2416 ests

165 2437 278 2513 publici
299 2447 401 2497 antem
420 2437 497 2496 iuris
518 2437 629 2496 iactum
650 2439 689 2496 ab
711 2437 856 2497 Henneno
877 2439 908 2495 in
930 2437 1074 2497 relatione
1097 2438 1134 2497 de
1154 2439 1262 2498 iisdem
1283 2441 1494 2504 effossionibus

165 2537 247 2596 edita
268 2536 382 2597 Romae
407 2557 433 2598 a.
448 2537 527 2597 1868
553 2555 582 2614 p.
599 2537 741 2597 84-93.
784 2537 852 2598 Nos
881 2538 1043 2598 seeundum
1070 2540 1160 2598 huius
1186 2541 1385 2617 ephemeridis
1411 2545 1496 2602 insti·

166 2646 262 2697 tutum
283 2647 436 2698 reservata
456 2637 550 2715 ipsius
572 2639 693 2696 tabulae
713 2640 990 2716 repraesentatione
1011 2641 1149 2717 corporis
1167 2641 1368 2702 voluminibus
1390 2653 1496 2720 postea

165 2737 330 2815 prodituris
357 2739 473 2798 interim
500 2739 662 2798 referemus
689 2756 885 2816 quaeeunque
911 2741 941 2799 in
965 2740 1099 2816 reliquiis
1117 2741 1156 2799 ils
1178 2743 1368 2802 continentur
1388 2745 1431 2803 ita
1453 2745 1496 2803 di·

165 2848 262 2913 gesta,
284 2847 319 2896 ut
339 2838 518 2917 digessimus
539 2841 570 2897 in
592 2839 689 2914 primo
711 2840 863 2898 volumine
885 2839 1071 2916 exemplaria
1091 2859 1128 2898 eo
1149 2851 1283 2918 tempore
1304 2851 1383 2902 nota

248 2938 461 3016 inscriptionis
483 2957 542 2998 uno
557 2957 646 2998 versu
668 2939 807 2999 maximis
829 2941 936 3012 litteris
951 2941 1081 3017 scriptae
1095 2941 1244 3018 particula
1258 2955 1395 3021 superest
1409 2946 1494 3004 haec:

335 3063 423 3148 (sa-ss
436 3091 518 3134 senaa
531 3100 549 3133 ι.
564 3074 614 3150 37)
638 3057 703 3164 pse·
718 3091 786 3134 ruso
802 3105 808 3119 ·
824 3090 900 3133 saar
914 3105 921 3118 ·
936 3049 1046 3169 arvae]
1063 3074 1154 3150 (amr
1166 3094 1251 3136 urerer
1265 3106 1283 3137 e.
1299 3079 1330 3154 5)

167 3209 305 3285 Apparet
331 3209 506 3284 magistrum
533 3208 663 3285 aliquem
690 3207 809 3288 collegii
836 3227 888 3269 eos
914 3210 1011 3269 laetos
1037 3211 1067 3268 iu
1093 3211 1163 3270 luoo
1193 3228 1279 3271 sacro
1300 3215 1496 3290 proposuisse

166 3307 264 3383 iisque
286 3327 395 3368 nomeu
416 3309 655 3386 praescripsisse
692 3307 753 3382 Qui
775 3329 841 3370 cum
864 3309 1072 3387 [s]mp(erctor)
1094 3311 1273 3387 appelletur,
1294 3323 1375 3372 recta
1396 3314 1497 3373 obser·

168 3410 249 3466 ravit
270 3407 432 3469 Henzenus
457 3411 505 3468 hic
530 3430 590 3468 non
617 3411 781 3488 significari
808 3411 1015 3486 imperatorem
1043 3411 1095 3485 qui
1121 3410 1210 3470 rebus
1236 3423 1402 3487 praeessem
1429 3432 1497 3472 nam

167 3511 311 3570 extremis
343 3511 431 3569 aunis
455 3512 598 3590 Augusti,
630 3529 689 3587 quo
720 3519 853 3586 tempore
883 3509 977 3569 iustos
1008 3510 1064 3567 hos
1093 3509 1221 3585 scriptos
1249 3527 1316 3568 esse
1343 3530 1415 3569 mox
1447 3513 1498 3570 de·

168 3610 418 3682 monstrabimus,
446 3631 543 3689 neque
568 3612 697 3689 Augusti
724 3629 820 3686 neque
845 3609 961 3668 Tiberii
990 3627 1099 3667 numen
1125 3610 1156 3666 in
1183 3613 1250 3684 imp.
1279 3611 1391 3670 nudum
1420 3611 1497 3670 desi·

167 3729 238 3770 nere
263 3712 372 3788 potuit.
408 3711 531 3770 Nummi
553 3721 631 3771 oerte
653 3712 830 3788 lapidesque
851 3711 929 3770 inter
950 3710 1079 3768 honores
1101 3711 1232 3788 Augusti
1254 3721 1284 3770 et
1306 3711 1422 3771 Tiberii
1442 3713 1497 3771 im·

167 3813 353 3888 paratorium
380 3831 449 3871 raro
475 3813 582 3871 ultimo
611 3813 675 3870 loco
702 3812 852 3870 collocant
873 3829 970 3886 neque
991 3809 1157 3869 iterationis
1177 3811 1388 3872 indicationem
1411 3815 1498 3872 omit·

168 3923 230 3971 tere
260 3911 370 3971 solent.
418 3913 483 3970 Iam
515 3931 584 3972 cum
610 3915 769 3990 Augustus
800 3918 869 3987 post
899 3931 962 3970 rem
991 3911 1139 3988 publicam
1168 3915 1360 3973 constitutam
1387 3932 1415 3972 a.
1439 3911 1497 3971 727

167 4013 360 4089 imperatoris
386 4012 529 4070 honorem
555 4022 677 4089 propter
703 4013 803 4088 ipsum
829 4031 935 4070 nomen
962 4011 1142 4071 invidiosum
1164 4021 1195 4071 et
1213 4014 1416 4089 periculosum
1438 4031 1498 4072 non

169 4115 333 4172 concedere
359 4113 469 4172 soleret
495 4114 554 4172 nisi
576 4113 713 4188 proxime
734 4112 900 4170 coniunctis
922 4131 989 4170 cum
1011 4112 1101 4170 domo
1121 4113 1327 4189 imperatoria,
1354 4133 1414 4174 non
1435 4133 1499 4172 cre-

167 4214 294 4274 diderim
317 4214 411 4272 ullum
432 4233 468 4272 eo
489 4195 623 4290 tesmpore
644 4213 772 4271 invisis
793 4213 888 4272 luisse
909 4213 1099 4288 imperatoris
1119 4213 1231 4273 honore
1254 4223 1391 4273 ornatum
1413 4233 1499 4290 prae-

168 4325 213 4374 ter
240 4315 327 4390 ipsos
353 4313 438 4387 illos,
468 4315 520 4388 qui
548 4315 636 4373 rebus
665 4321 838 4389 praeerant,
867 4319 896 4370 et
923 4309 1135 4371 Germanicum
1162 4315 1371 4390 imperatorem
1398 4314 1498 4391 appel-

167 4415 264 4473 latum
285 4415 348 4485 bis,
377 4432 502 4489 quarum
523 4414 771 4472 acclamationum
792 4414 889 4471 altera
909 4413 972 4471 sive
994 4413 1077 4487 prior
1098 4413 1161 4469 sive
1182 4416 1332 4488 posterior
1352 4414 1432 4472 secta
1454 4422 1500 4470 est

167 4512 440 4591 annop.chr.14
461 4514 568 4589 paucis
588 4521 659 4592 post
680 4513 812 4591 Augusti
836 4529 995 4571 excessum
1017 4511 1169 4569 mensibus
1192 4513 1279 4587 (Tac.
1301 4533 1370 4572 ann.
1392 4513 1419 4584 1,
1435 4510 1499 4587 58).

167 4615 310 4675 Eundem
336 4617 368 4675 in
389 4615 548 4693 collegium
574 4614 699 4673 fratrum
720 4614 877 4672 Arvalium
899 4612 966 4670 vivo
989 4612 1143 4669 etiamtum
1164 4613 1302 4690 Augusto
1329 4620 1500 4689 cooptatum

167 4735 237 4776 esse
260 4725 331 4774 acta
356 4715 518 4775 ostendunt
543 4715 614 4773 anni
636 4733 665 4791 p.
681 4712 752 4774 chr.
771 4715 827 4783 145
850 4729 1029 4788 quamquam
1051 4711 1127 4769 miro
1149 4729 1248 4770 errore
1268 4713 1414 4773 Marinius
1437 4714 1501 4772 eius

167 4837 280 4877 nomen
302 4817 345 4876 ita
364 4835 424 4876 non
447 4817 578 4892 agnovit,
601 4825 634 4874 ut
654 4814 821 4873 inauditum
842 4812 911 4872 inde
926 4810 1041 4870 Tiberii
1062 4829 1210 4889 agnomen
1224 4811 1363 4872 effecerit.
1401 4812 1501 4887 Quare

168 4919 305 4978 fortasse
332 4936 393 4976 non
420 4917 544 4988 errabit,
573 4917 625 4992 qui
652 4914 796 4974 extremis
823 4913 953 4990 Augusti
979 4912 1066 4971 annis
1092 4912 1209 4989 ipsique
1237 4910 1418 4978 Germanico
1447 4916 1502 4972 hos

169 5019 268 5080 fastos
297 5017 407 5076 tribuit.
456 5016 662 5094 Excipieudus
688 5025 788 5075 tamen
813 5023 860 5074 est
885 5015 1014 5090 Augusti
1037 5022 1208 5088 postremus
1229 5033 1260 5092 p.
1276 5012 1348 5074 Chr.
1367 5014 1418 5085 14,
1445 5031 1504 5089 quo

171 5139 251 5179 anno
287 5117 381 5178 alium
408 5119 584 5196 magistrum
613 5116 740 5194 collegio
768 5116 937 5194 praefuisse
963 5132 1002 5172 ex
1029 5115 1104 5172 actis
1133 5115 1222 5172 modo
1251 5115 1351 5176 citatis
1378 5121 1505 5173 constat.¹

1255 5217 1276 5288 ‘3
