3712 5838
583 604 882 660 oesaayarrorms
900 605 1018 657 erran.
1037 607 1098 656 xv.
1431 590 1501 664 291

174 779 206 838 in
221 791 338 854 portum
355 779 596 858 Thespiensinm,
612 779 663 857 qui
678 773 849 837 manserant
863 776 893 834 in
909 777 1052 834 societate
1066 777 1203 836 Romana
1215 777 1335 856 (Polyb.
1353 769 1402 853 27’,
1417 785 1443 854 1,
1461 785 1503 861 1).

177 881 206 938 Α
235 879 350 940 Creusa
378 891 407 940 et
435 883 502 959 ipse
528 881 699 940 Haliartum
726 897 758 936 se
785 878 924 951 contulit,
954 877 1003 934 ubi
1031 878 1152 937 fratrem
1179 881 1310 957 repperit
1335 883 1394 943 iam
1421 887 1504 963 oppi-

177 982 247 1040 dum
270 1001 445 1058 oppugnare
467 989 621 1058 parantem
646 981 726 1056 (Liv.
749 979 800 1049 42,
822 979 886 1054 59).
923 977 969 1036 lto
990 979 1020 1036 ui
1037 989 1124 1056 capto
1146 991 1176 1040 et
1191 982 1290 1041 diruto
1311 987 1376 1043 inde
1394 987 1505 1047 Thebas

178 1083 279 1140 ductare
302 1088 456 1154 cccrctmc5
481 1085 583 1159 pathus
611 1087 672 1142 sine
694 1083 843 1141 certamina
863 1085 981 1155 receptis
1002 1081 1096 1138 artem
1118 1084 1239 1142 tradidit
1259 1087 1386 1146 caulibus
1407 1099 1434 1146 ct
1455 1094 1505 1165 qui

94 1256 97 1264 Ι
177 1184 371 1242 Romanorum
394 1190 491 1260 partic
518 1195 613 1256 eram,
646 1185 787 1242 odccrsoe
807 1184 946 1257 factionis
975 1182 1116 1240 lominum
1136 1186 1341 1263 scutorumque
1367 1181 1444 1266 repis
1470 1211 1505 1250 ce

176 1285 367 1344 Macedonum
386 1287 521 1360 sacrifica
547 1288 597 1344 sub
620 1304 725 1343 corona
749 1284 885 1341 trandidit.
927 1282 986 1340 His
1011 1287 1098 1357 pestis
1125 1289 1156 1342 in
1177 1287 1299 1346 Boeotia
1320 1293 1361 1348 ad
1380 1311 1459 1352 more
1480 1304 1506 1350 et

176 1388 218 1444 acl
237 1405 324 1446 naves
346 1389 438 1446 rediit.
475 1387 554 1462 (mv.
575 1385 625 1457 42,
650 1385 698 1456 63,
722 1383 785 1460 12).
828 1384 927 1442 Abest
947 1384 1037 1460 igitur
1058 1385 1095 1442 ab
1118 1389 1298 1461 auctoribus,
1320 1392 1370 1468 qui
1392 1394 1503 1453 bellam

176 1485 331 1546 Persicum
356 1497 504 1560 enarrant,
526 1488 605 1564 quod
628 1488 756 1564 legimus
778 1487 808 1543 iu
832 1487 954 1542 senatus
977 1486 1113 1544 consulto
1136 1487 1176 1563 (v.
1200 1489 1253 1566 22)
1276 1489 1311 1550 C.
1334 1493 1504 1564 Lucretium

177 1598 277 1648 castra
304 1590 474 1648 admovisse
507 1589 544 1646 ad
572 1589 715 1666 oppidum
744 1587 887 1645 Thisbes.
935 1589 979 1644 At
1005 1587 1154 1663 Polybius
1179 1609 1244 1648 cum
1271 1605 1424 1656 narrasset
1447 1599 1506 1656 tria

177 1691 289 1764 oppida
316 1711 333 1750 a
355 1691 500 1750 Romanis
522 1690 677 1762 defecisse,
707 1707 779 1747 sane
806 1697 838 1745 ut
858 1687 894 1745 de
915 1687 1053 1746 Haliarto
1075 1700 1104 1748 et
1127 1688 1264 1750 Coronea
1290 1695 1332 1752 ita
1353 1699 1443 1757 etiam
1468 1701 1505 1759 da

177 1789 301 1850 Thisbis
324 1793 396 1868 quid
418 1793 530 1851 factum
553 1792 593 1850 sit
614 1790 775 1849 memoriae
790 1789 922 1860 tradidit3
944 1787 1050 1848 Livius
1071 1791 1102 1848 id
1115 1765 1259 1852 ‘omittere
1273 1799 1381 1872 potuit,
1402 1817 1504 1874 quam-

176 1908 265 1967 quam
288 1893 406 1952 videtur
426 1895 458 1953 in
480 1895 620 1952 universa
640 1894 696 1950 hac
718 1890 887 1948 narratione
903 1890 1061 1966 Polybium
1085 1910 1189 1966 presse
1210 1905 1327 1954 secutus
1349 1917 1427 1959 esse.
1463 1904 1506 1962 At

178 2011 323 2068 quaenam
357 2006 403 2052 est
435 1994 489 2053 illa
519 2005 589 2069 post
614 1993 784 2051 Haliartum
818 2001 935 2067 captam
968 1993 1120 2067 expeditio
1153 1993 1297 2055 adversus
1323 1998 1504 2062 Thebanos?

178 2091 285 2152 Nonne
306 2095 395 2153 modo
420 2095 485 2171 (42,
507 2097 556 2154 44.
584 2095 637 2170 46)
665 2093 834 2152 audirimus
861 2093 986 2150 eundem
1007 2092 1126 2152 Livium
1152 2105 1320 2156 narrantem
1343 2100 1505 2162 Thebanos

177 2194 354 2271 decrevisse,
378 2205 411 2254 ut
432 2197 587 2256 tolleretur
607 2195 690 2272 regia
711 2195 848 2266 societas,
871 2203 1008 2252 auctores
1030 2195 1225 2270 paciscendae
1247 2199 1310 2257 eius
1329 2199 1504 2262 Chalcidem

178 2297 216 2354 ad
242 2297 396 2357 Romanos
424 2300 553 2370 misisse,
591 2297 745 2356 Romanos
772 2297 869 2353 laetos
901 2295 931 2352 id
958 2295 1125 2367 audivisse,
1157 2297 1271 2358 Thebis
1299 2321 1353 2377 per
1378 2305 1504 2365 hiemem

178 2417 203 2456 a.
227 2381 320 2458 58273
350 2398 385 2458 P.
413 2399 575 2458 Lentulum
603 2399 767 2474 legatorum
795 2415 885 2454 unum
912 2415 979 2455 cum
1008 2399 1158 2475 praesidio
1185 2399 1310 2460 militum
1332 2403 1504 2465 Italicorum

177 2501 350 2559 consedisse
371 2502 500 2576 indeque
516 2519 585 2557 rere
607 2521 633 2558 a.
650 2499 709 2560 583
733 2517 800 2556 cum
822 2497 926 2556 iisdem
946 2498 1093 2558 militibus
1116 2509 1145 2557 ct
1160 2501 1309 2560 iuventute
1325 2504 1504 2567 Boeotorum

176 2598 344 2658 Haliartum
374 2607 576 2678 oppugnatum
604 2601 769 2676 profectum
798 2617 865 2658 csse
893 2599 932 2674 (c.
958 2599 1006 2670 37,
1039 2600 1064 2657 l.
1094 2619 1119 2659 c.
1144 2602 1192 2670 47,
1220 2602 1265 2661 12.
1297 2624 1322 2662 c.
1346 2606 1394 2676 56,
1419 2607 1448 2665 3.
1471 2609 1505 2684 4)

177 2701 290 2777 oppida
314 2709 411 2759 autem
439 2719 515 2776 quae
542 2720 607 2759 cum
636 2719 705 2777 rege
733 2711 847 2759 starent
867 2702 1047 2776 praesidium
1077 2702 1114 2758 ab
1142 2721 1178 2759 eo
1203 2705 1399 2780 expetivisse,
1428 2717 1460 2766 ut
1488 2729 1509 2779 a,

178 2799 332 2864 Thebanis
355 2819 387 2860 ee
408 2801 619 2860 defenderent?
654 2801 739 2876 Quae
762 2811 795 2858 ut
815 2800 921 2860 Livius
944 2821 983 2859 ex
1000 2801 1127 2877 Polybio
1149 2806 1284 2880 sumpsit,
1307 2807 1348 2864 ita
1369 2827 1407 2866 ex
1428 2810 1505 2885 ipsis

179 2901 354 2978 Polybianis
370 2921 447 2978 quae
463 2911 625 2979 supersunt
646 2901 760 2977 (27,1)
782 2912 930 2977 quatenus
951 2903 1127 2978 perveniunt
1147 2904 1250 2963 eudem
1265 2907 1396 2968 referunt
1416 2913 1506 2971 etiam

178 3003 356 3062 luculentius
388 3013 417 3061 et
442 3005 577 3081 gravium
604 3004 720 3079 legatos
749 3004 775 3061 is
804 3004 847 3060 ait
871 3023 889 3061 a
910 3003 1063 3062 Thebanis
1086 3005 1194 3063 missos
1221 3025 1302 3080 esse,
1330 3011 1381 3086 qui
1404 3013 1507 3072 urbem

179 3101 325 3162 Romanis
347 3106 551 3179 permitterent
577 3105 741 3179 exulesque
769 3105 954 3162 reducerent.
998 3104 1092 3161 fidem
1114 3105 1253 3165 Thebani
1280 3110 1425 3170 adversus
1448 3113 1506 3172 Co-

178 3223 306 3264 ronaeus
336 3203 370 3264 C.
397 3205 546 3264 Licinium
574 3223 612 3262 ex
639 3204 796 3262 Thessalis
823 3203 1045 3262 arcessirerunt
1072 3203 1153 3278 (Lis.
1183 3205 1232 3276 42,
1262 3209 1310 3280 67,
1343 3209 1404 3283 12).
1448 3213 1506 3272 His

180 3307 317 3365 omnibus
345 3325 411 3364 cum
437 3303 604 3384 refragetur
631 3305 711 3381 quod
739 3321 830 3380 supra
854 3303 1022 3361 rettulimus
1045 3302 1079 3362 C.
1102 3303 1273 3365 Lucretium
1299 3312 1432 3369 exercitu
1454 3314 1505 3371 ad-

180 3405 268 3464 ducto
291 3408 413 3466 Thebas
435 3408 583 3484 recepisse
610 3416 641 3464 et
662 3406 801 3463 exulibus
830 3406 931 3462 urbem
954 3404 1128 3476 tradidisse,
1155 3424 1252 3466 nonne
1278 3420 1361 3485 patet
1387 3413 1434 3471 hic
1457 3416 1506 3491 agi

180 3525 239 3566 non
262 3509 298 3566 de
319 3509 393 3584 ipsis
416 3509 539 3578 Thebis,
563 3507 615 3566 sed
637 3507 673 3565 de
692 3505 911 3564 Pseudothehis
933 3505 1051 3577 iisdem,
1074 3523 1150 3581 quas
1173 3525 1266 3584 supra
1286 3511 1414 3572 vidimus
1437 3533 1506 3574 con-

179 3609 262 3686 iungi
284 3627 350 3667 cum
373 3608 512 3668 Coronea
534 3618 564 3666 et
584 3608 738 3677 Haliarto,
766 3625 842 3683 quae
865 3607 987 3665 Thebae
1013 3625 1082 3665 vere
1107 3619 1176 3666 sunt
1197 3609 1347 3670 Thisbac?
1382 3617 1508 3674 Accedit

180 3707 271 3768 aliud.
312 3708 347 3768 C.
375 3709 546 3768 Lucretium
573 3727 638 3768 cum
667 3728 706 3766 ex
732 3708 852 3766 decreto
872 3727 967 3784 nuper
993 3716 1111 3785 reperto
1133 3718 1249 3768 constet
1269 3714 1432 3773 exercitum
1455 3717 1507 3775 ad·

180 3810 301 3869 duxisse
328 3797 475 3882 Thisbes,
508 3830 545 3870 ea
568 3810 721 3886 expeditio
747 3817 816 3868 ante
842 3808 972 3867 Haliarti
998 3811 1249 3886 oppugnationem
1277 3813 1419 3875 collocari
1446 3835 1507 3876 non

180 3921 292 3986 potest3
315 3931 385 3971 nam
405 3929 585 3987 quamquam
607 3929 627 3968 a
648 3908 765 3969 Creusa
785 3909 955 3968 Haliartum
978 3909 1173 3986 proficiscens
1196 3912 1327 3973 Thisbes
1350 3915 1431 3974 adire
1453 3935 1506 3992 po·

180 4015 246 4085 tuit,
273 4011 418 4072 Creusam
439 4012 591 4087 profectus
614 4030 679 4070 cum
703 4031 763 4069 una
788 4012 901 4070 triremi
927 4011 1089 4070 exercitum
1113 4031 1147 4070 eo
1169 4021 1302 4089 tempore
1324 4035 1425 4074 secum
1447 4035 1507 4077 non

182 4115 294 4173 habuit.
330 4114 489 4173 Exercitus
506 4111 647 4172 Chalcide
669 4113 826 4189 expositus
840 4115 979 4190 primum,
1003 4122 1035 4170 ut
1055 4132 1111 4189 par
1132 4125 1186 4185 est,
1208 4114 1378 4175 Haliartum
1402 4117 1507 4178 ductus

181 4226 236 4287 est,
259 4234 320 4292 qua
341 4223 514 4293 expugnata
535 4233 601 4273 cum
617 4213 791 4274 Coronaeos
814 4216 930 4274 interim
958 4216 1064 4272 consul
1085 4215 1119 4272 P.
1136 4215 1271 4276 Licinius
1293 4237 1332 4276 ex
1345 4219 1509 4279 Thessalia

181 4316 304 4380 veniens
325 4333 486 4392 aggressus
509 4324 589 4376 esset
611 4315 692 4394 (Liv.
709 4315 758 4386 42,
782 4315 831 4386 67,
857 4315 903 4373 12.
927 4317 976 4387 43,
1000 4316 1043 4390 4),
1066 4316 1141 4373 nihil
1163 4326 1317 4392 supererat
1338 4321 1396 4378 nisi
1418 4339 1506 4395 expe·

181 4417 255 4476 ditio
276 4417 420 4476 adversus
435 4417 613 4474 Thisbaeas.
646 4417 694 4474 Ita
715 4418 758 4476 sic
779 4435 897 4493 quoque
920 4415 1111 4474 confirmatur
1128 4435 1204 4492 quae
1226 4419 1273 4475 hic
1293 4420 1373 4494 apud
1387 4417 1508 4478 Livium

181 4518 218 4578 de
240 4518 353 4577 Thebis
375 4526 546 4588 narrantur,
568 4535 604 4574 ea
625 4515 787 4592 Polybium
811 4517 847 4574 de
869 4515 994 4574 Thisbis
1015 4515 1175 4573 rettulisse.
1198 4551 1239 4560 —
1267 4515 1396 4589 Quando
1417 4538 1507 4596 expe·

182 4620 255 4678 ditio
278 4618 422 4679 adversus
445 4618 575 4676 Thisbas
599 4627 740 4692 suscepta
762 4617 811 4687 sit,
839 4625 977 4674 accurate
1000 4615 1115 4674 deliniri
1142 4635 1201 4674 non
1224 4627 1340 4692 potest3
1367 4619 1420 4678 sed
1441 4641 1507 4680 cum

180 4719 313 4780 Haliarti
335 4719 451 4778 obsidio
474 4739 533 4778 non
555 4717 714 4776 admodum
737 4717 787 4775 diu
808 4726 959 4794 protracta
978 4734 1045 4776 esse
1067 4715 1203 4775 videatur
1223 4719 1450 4797 necquicquam
1472 4739 1508 4779 eo

182 4819 271 4881 ducat
301 4820 472 4879 Lucretium
505 4820 537 4877 in
568 4819 695 4876 hiemem
732 4836 827 4894 usque
858 4817 970 4877 bellum
992 4819 1228 4893 continuarisse,
1254 4820 1449 4896 probabiliter
1470 4821 1511 4882 ad

182 4931 357 4982 autumnum
379 4940 406 4979 a.
430 4921 489 4980 583
511 4921 662 4979 referetur.

266 5019 356 5095 Quod
377 5023 445 5080 inde
468 5041 486 5081 a
507 5021 654 5099 principio
675 5020 767 5100 legati
788 5021 918 5080 Romani
939 5021 1171 5096 postulaverant,
1193 5029 1226 5080 ut
1247 5021 1361 5080 omisso
1379 5021 1508 5083 Boeoto-

183 5141 249 5181 rum
283 5124 409 5182 concilio
441 5125 696 5199 Boeotarchisque
728 5141 776 5200 res
811 5131 989 5181 mactaretur
1024 5123 1102 5180 inter
1134 5121 1287 5181 Romanos
1320 5130 1350 5182 et
1380 5125 1508 5202 populos
1568 5154 1571 5162 ·

185 5222 331 5283 Boeotiae
357 5226 506 5304 singulos,
531 5227 561 5285 id
589 5246 656 5285 cum
684 5224 777 5284 secuti
798 5232 901 5284 essent
926 5225 956 5283 iu
978 5242 1051 5300 pace
1073 5223 1274 5282 confirmanda
1300 5243 1366 5284 cum
1388 5227 1508 5302 populis
