3712 5838
642 614 690 666 nn
717 614 861 668 nrnvms
886 613 1042 667 Ann101s.
1428 595 1500 668 253
1540 683 1542 690 Ι

179 783 330 844 literaell
358 800 427 844 ease
447 793 559 861 potest,
585 805 682 863 neque
710 788 840 865 spatium
869 787 987 846 suffieit.
1015 819 1057 829 —
1085 783 1184 859 Quum
1207 786 1336 846 honores
1358 789 1390 847 in
1411 789 1501 848 titulo

179 884 281 944 Attioo
308 884 429 960 (eontra
458 892 549 962 utque
580 887 612 946 in
640 887 815 964 Tiburtino)
846 887 890 945 ita
916 887 1073 965 perscripti
1098 886 1173 959 sint,
1205 895 1238 945 ut
1264 907 1283 946 a
1310 888 1434 947 minimo
1461 890 1500 948 ad

178 986 310 1044 maiores
337 985 526 1058 ostendatur,
558 1005 654 1064 neque
679 996 803 1065 propter
834 987 943 1065 lapidis
971 988 1188 1048 mutilationem
1212 987 1368 1047 diiudicari
1393 991 1502 1066 possit,

179 1103 269 1162 quam
290 1086 386 1145 multa
405 1087 495 1146 etium
513 1096 583 1163 post
602 1088 782 1163 legationem
796 1088 970 1146 Africanam
992 1089 1106 1165 eoripta
1124 1087 1245 1159 fuerint,
1266 1087 1388 1148 dubium
1410 1089 1503 1148 videri

180 1186 291 1264 possit,
319 1193 418 1246 utrum
443 1204 546 1247 ornnes
572 1189 702 1248 honores
724 1189 852 1248 maiores
873 1189 932 1247 iam
954 1189 986 1246 in
1006 1190 1066 1248 hoo
1086 1190 1174 1248 titulo
1196 1190 1360 1248 enumerati
1381 1189 1502 1261 fuerint,

181 1305 220 1345 an
246 1286 274 1345 is
300 1286 459 1347 Tiburtino
483 1287 538 1347 illo
565 1289 720 1365 aliquanto
749 1290 900 1365 antiquior
926 1290 974 1348 ait
1019 1287 1107 1363 Quod
1133 1296 1232 1348 tamen
1257 1288 1433 1349 diiudicatur
1461 1309 1502 1350 ex

180 1407 209 1447 v.
232 1387 262 1459 7,
282 1387 335 1447 ubi
354 1383 448 1466 &soli
466 1382 617 1473 Ἀδριανοῦ
637 1391 780 1467 scriptum
800 1390 891 1449 fuerit
903 1407 1027 1449 neeesse
1048 1398 1103 1449 est.
1135 1389 1242 1466 ltaque
1263 1389 1419 1449 duodeoim
1440 1391 1503 1451 lere

182 1494 234 1548 aut
254 1489 344 1548 etiam
364 1489 500 1565 pluribus
528 1490 614 1550 onnia
634 1499 703 1567 poet
728 1492 916 1550 consulatum
938 1489 1003 1567 (qui
1023 1491 1088 1550 fere
1111 1492 1143 1550 in
1165 1510 1276 1552 annum
1300 1493 1356 1552 127
1379 1511 1409 1569 p.
1431 1490 1503 1552 Chr.

181 1587 298 1664 inuidit)
319 1588 423 1648 titulus
437 1589 591 1650 dedicatus
613 1599 669 1662 est,
690 1609 852 1667 omnesque
872 1591 963 1652 iidem
977 1593 1106 1651 honores
1121 1593 1173 1670 qui
1189 1593 1220 1653 in
1235 1593 1394 1654 Tiburtino
1416 1593 1505 1654 etiam

181 1690 213 1748 n
233 1689 291 1749 hoo
312 1689 415 1767 scripti
437 1690 534 1750 fuisse
554 1690 700 1749 vitentur.
1202 1667 1207 1678 '

267 1792 315 1851 11.
341 1789 432 1852 Bueia
452 1791 573 1852 inventa
593 1791 624 1850 in
645 1791 846 1852 Parthenone.
888 1792 945 1852 Ed.
967 1789 1185 1868 Pimkisfnp.
1208 1790 1281 1878 ἅρχ.
1305 1793 1375 1855 781.

725 2036 888 2092 ΓΑΙΟΝΜΑ

684 2232 965 2292 ΚΑΙΣΑΡΟξξΕΙΙΙΙΙ

683 2334 961 2393 trementium

268 2573 306 2632 In
325 2572 384 2632 hoo
403 2573 491 2630 titulo
511 2571 697 2631 restituendo
719 2572 749 2630 id
769 2591 861 2630 unum
880 2572 1024 2630 incertum
1045 2569 1140 2629 videri
1161 2576 1270 2646 potest,
1292 2569 1380 2645 quale
1399 2586 1507 2628 nomen

184 2674 295 2751 gentile
308 2693 337 2731 v.
353 2671 371 2730 7
386 2673 556 2749 ponendum
577 2674 625 2732 eit
658 2673 708 2731 Ex
726 2673 764 2732 iis
779 2681 878 2730 autem
891 2672 1030 2750 gentibus
1045 2689 1170 2748 quarum
1185 2671 1307 2728 nomina
1321 2668 1508 2728 olitorium

184 2775 340 2852 incipiunt,
361 2792 421 2833 una
440 2783 496 2846 est,
518 2776 550 2832 in
570 2793 631 2850 qna
644 2773 855 2834 Marcellorum
877 2791 1042 2850 cognomen
1062 2773 1274 2849 imperatorum
1296 2777 1392 2828 aetate
1414 2769 1508 2828 fnisse

186 2877 327 2936 solamne.
370 2873 487 2936 Consul
508 2876 578 2934 anni
607 2876 647 2934 80
667 2894 697 2952 p.
720 2872 791 2934 chr.
818 2876 849 2933 in
880 2875 968 2933 titulo
1001 2872 1250 2933 Orelli-Henzen
1277 2870 1357 2930 5428
1384 2877 1509 2929 vocatur

186 2974 586 3036 G.llln1vsllnnonnnvs
615 2975 748 3036 Octavius
770 2975 890 3034 Publius
915 2975 1030 3036 Οἱαυὲιιι
1051 2976 1160 3050 Rufio,
1186 2975 1230 3032 ita
1256 2981 1288 3030 ut
1312 2972 1402 3031 etiam
1422 2989 1509 3049 prae·

186 3095 293 3136 nomen
313 3077 447 3136 indicare
467 3077 614 3146 videatur,
640 3077 719 3136 huno
740 3076 873 3136 eiusdem
894 3077 1026 3135 familiae
1047 3092 1113 3134 esse
1134 3093 1201 3133 oum
1221 3072 1273 3131 illo
1296 3073 1349 3150 qni
1368 3072 1401 3130 in
1421 3071 1509 3129 titulo

186 3182 290 3240 Attico
311 3186 366 3239 est.
401 3179 563 3238 Praeterea
583 3177 723 3250 11,1004
745 3176 846 3235 Morio
867 3175 947 3251 M.s.
963 3175 1106 3234 Marcello
1125 3173 1284 3232 invenitur.
1322 3168 1421 3244 Quare
1432 3170 1510 3246 ‘quin

187 3282 384 3360 supplendum
405 3280 446 3340 eit

724 3428 759 3488 ‘0
781 3426 881 3507 δῆμος

705 3523 791 3590 Γάιον
811 3523 929 3615 Μᾶ[ριον

664 3625 832 3717 Μάρκελλον
853 3623 1044 3714 πρε[σβευτῆν

665 3728 810 3817 Καῖταρος
830 3724 1004 3810 {affluo-rofi

665 3833 766 3920 ἆριτῆς
787 3823 890 3911 {urbm

595 3928 644 3996 καὶ
665 3930 829 4020 εὐεργεσίας
850 3937 901 4005 τῆς
921 3934 973 4012 [εἷς
998 3927 1106 3992 ioeorlv.

191 4095 228 4137 eo
249 4079 347 4139 minue
367 4079 562 4138 dubitandum
583 4085 641 4148 eet,
661 4057 743 4152 quo'd
763 4091 802 4134 ex
823 4091 860 4132 eu
879 4073 995 4132 ratione
1015 4089 1076 4149 qua
1095 4084 1236 4127 versuum
1256 4065 1344 4125 initia
1363 4064 1513 4143 dispositu

192 4187 262 4239 tunt
286 4181 324 4240 de
349 4200 453 4240 eorum
478 4177 683 4258 magnitudine
709 4176 783 4235 satia
809 4181 891 4234 oerta
918 4173 1088 4233 coniectura
1114 4170 1180 4229 fieri
1207 4175 1317 4245 potest.
1363 4164 1448 4224 Haeo
1475 4165 1512 4224 de

192 4282 408 4360 supplementis
421 4281 584 4342 sufficiant:
606 4281 667 4339 iam
682 4277 719 4338 de
733 4287 866 4354 tempore
880 4273 1045 4334 videamus.
1080 4269 1148 4345 Qua
1167 4271 1199 4328 in
1215 4290 1249 4329 re
1270 4267 1370 4327 omnia
1383 4264 1514 4341 pendent

191 4401 231 4441 ex
255 4401 283 4442 v.
307 4385 325 4442 3
352 4367 496 4465 Koloneia
517 4373 698 4457 testium&
741 4379 778 4437 In
804 4375 903 4435 officio
929 4373 1019 4451 legati
1040 4372 1172 4448 Augusti
1198 4387 1253 4447 pro
1278 4374 1416 4444 praetore
1437 4361 1513 4420 indi·

192 4482 289 4542 oando
310 4483 390 4543 solet
409 4483 528 4561 quidem
550 4483 648 4540 mlum
669 4497 778 4538 nomen
799 4468 963 4540 Σεβαστοῦ
983 4472 1116 4530 adhiberi
1123 4491 1132 4542 ς
1162 4468 1215 4528 aed
1240 4485 1301 4524 non
1321 4481 1390 4522 raro
1412 4461 1514 4520 omnia

4 4569 5 4576 ἵ
70 4647 76 4659 ,
192 4591 244 4642 aut
275 4583 418 4662 primaria
451 4590 532 4643 oerto
565 4581 631 4640 eins
664 4577 854 4655 imperatoria
888 4574 972 4634 ouius
1007 4573 1124 4649 legatus
1160 4578 1207 4626 eat
1241 4565 1362 4625 nomina
1395 4578 1514 4621 enume-

192 4693 306 4743 rantur.
347 4682 506 4762 Nuequam
528 4688 628 4742 antem
648 4680 750 4741 inveni
771 4668 914 4758 Καίσαρος
935 4665 1096 4737 Σεβαστοῦ
1115 4687 1151 4728 eo
1172 4666 1262 4726 modo
1284 4663 1452 4734 coniuncta,
1481 4669 1515 4718 nt

192 4782 224 4841 in
245 4784 419 4844 universum
442 4785 608 4863 prinoipem
632 4780 850 4858 significarunt,
877 4774 997 4834 nomine
1017 4769 1139 4849 proprio
1164 4785 1225 4826 non
1246 4764 1369 4824 additor
1400 4759 1515 4821 Contra

196 4881 387 4944 Octavianum
406 4885 567 4963 Augustum
587 4881 710 4960 proprio
737 4878 856 4938 nomine
877 4877 990 4958 Καῖσαρ
1010 4859 1167 4936 Σεβαστός
1191 4873 1329 4927 voeatum
1354 4878 1421 4922 ease
1445 4861 1515 4938 quis

195 4994 242 5044 eat
262 4987 315 5063 qui
334 4988 458 5046 nesciat.
502 4986 603 5060 Atque
627 4983 659 5044 0.
681 4981 796 5039 Mariua
818 4976 939 5054 quidam
960 4973 1091 5050 Augusti
1115 4977 1213 5030 aetate
1233 4967 1266 5025 in
1286 4962 1415 5024 nummis
1435 4978 1516 5020 oom-

194 5098 294 5164 puret3
315 5106 392 5165 quoe
406 5103 545 5148 nummos
566 5083 624 5164 Th.
638 5083 843 5142 Mommsenue
864 5077 933 5137 hiet.
955 5075 1000 5137 rei
1012 5071 1195 5133 nummariae
1208 5068 1295 5128 Rom.
1317 5083 1348 5142 p.
1364 5061 1424 5122 742
1445 5070 1517 5121 unte

194 5208 306 5252 annum
330 5191 368 5252 15
383 5209 410 5250 ιι.
426 5188 499 5252 Chr.
521 5186 594 5264 (739
610 5207 638 5246 u.
655 5184 696 5261 o.)
718 5197 806 5244 cusos
821 5196 888 5242 eoae
902 5178 1019 5257 probat.
1051 5173 1166 5236 Tamen
1179 5188 1272 5250 quum
1291 5167 1319 5228 is
1340 5163 1516 5244 oognomine
