3712 5838
325 510 398 581 284
771 571 775 580 .
896 523 1078 578 nouusau

324 629 477 639 ...--—---

324 720 363 758 ex
391 718 451 775 quo
474 697 579 759 Sicilia
600 699 744 758 Romanis
771 717 876 774 parere
897 698 996 774 coepit
1017 705 1047 756 et
1067 695 1197 755 fortasse
1218 694 1270 752 diu
1291 704 1381 753 antea
1401 694 1439 753 iis
1462 695 1515 771 qui
1536 697 1656 756 tabulas

323 801 460 878 publicas
472 800 552 876 apud
563 800 618 858 hos
629 800 797 858 tractabant
811 799 850 857 ad
860 815 966 857 manus
978 798 1100 857 fuerunt
1115 795 1230 855 librarii
1248 796 1405 871 utriusque
1422 795 1543 874 linguae
1558 799 1657 874 periti,

325 903 435 978 quibus
451 901 480 958 id
495 899 646 976 negotium
661 913 741 959 recte
756 899 999 958 committeretur.
1011 930 1050 942 —
1066 897 1140 956 Inde
1154 897 1332 973 explicatur,
1347 903 1382 955 ut
1396 895 1565 957 Foncartus
1581 916 1658 974 quo·

326 1021 383 1078 que
405 1011 474 1077 apte
490 1000 640 1075 exposuit,
662 1001 714 1076 qui
728 1001 838 1058 lactum
861 1001 911 1071 sit,
934 1011 966 1058 ut
987 997 1132 1058 vocabula
1153 997 1287 1076 legitima
1307 997 1382 1055 iuris
1400 998 1513 1074 publici
1528 997 1658 1059 Romani

328 1100 444 1161 Graece
467 1101 627 1159 reddantur
648 1101 679 1159 in
701 1101 872 1159 universum
896 1101 996 1159 verbis
1018 1100 1088 1157 item
1110 1099 1200 1158 certis
1227 1107 1259 1156 et
1279 1098 1489 1172 sollemnibus,
1519 1118 1600 1172 cum,
1630 1100 1658 1158 si

326 1202 531 1277 interpretatio
568 1219 629 1260 non
667 1201 784 1277 publice
809 1201 940 1274 Romae,
980 1200 1033 1259 sed
1061 1199 1142 1276 apud
1175 1196 1307 1258 Graecas
1343 1218 1393 1260 res
1431 1199 1568 1278 publicas
1601 1219 1658 1276 pro

327 1304 471 1380 cuiusque
493 1303 590 1361 lubitu
604 1303 685 1361 facta
705 1315 794 1374 esset,
817 1305 938 1371 omnino
958 1302 1036 1360 alius
1058 1300 1145 1359 aliter
1166 1319 1203 1359 ea
1221 1300 1370 1358 vertisset.
1403 1301 1545 1376 Exempli
1566 1319 1659 1360 causa

327 1405 588 1464 senatusconsulta
609 1404 668 1462 duo
690 1401 805 1463 Graece
827 1404 939 1480 scripta
959 1421 986 1460 a.
1003 1401 1062 1460 568
1084 1401 1121 1460 de
1134 1399 1266 1477 Delphis
1286 1412 1315 1459 ct
1330 1400 1390 1460 676
1410 1401 1447 1460 de
1463 1401 1656 1477 Asclepiade,

327 1524 401 1581 quse
431 1505 499 1580 plus
521 1495 640 1562 saecule
662 1503 788 1576 distant,
815 1502 934 1564 casdem
956 1502 1043 1579 plane
1066 1501 1210 1561 formulas
1231 1502 1356 1574 habent,
1382 1511 1415 1560 ut
1436 1512 1550 1562 cenatas
1573 1499 1657 1571 esti

326 1595 503 1680 adpraaror,
533 1623 591 1680 quo
615 1605 760 1662 vocabulo
788 1602 904 1663 Graece
930 1604 1051 1662 comitia
1077 1585 1172 1681 magia
1200 1602 1460 1682 significantur¹)‚
1492 1613 1558 1663 cute
1584 1605 1657 1662 aliea

326 1700 377 1786 apd
403 1703 521 1787 ἡμερῶν,
555 1705 701 1763 scribendo
731 1706 888 1781 adsuerunt
915 1696 1084 1788 γραφομένῳ
1111 1704 1255 1786 παρῆσαν,
1288 1722 1420 1762 censuere
1447 1694 1531 1785 ἔδοξε
1560 1716 1590 1763 et
1616 1705 1660 1764 sic

327 1807 479 1881 deinceps,
501 1822 626 1880 quarum
641 1806 835 1863 formularum
850 1806 930 1865 aliae
943 1825 1048 1882 parum
1064 1803 1199 1866 Graecae
1214 1812 1294 1875 sunt,
1309 1804 1386 1863 aliae
1401 1805 1444 1863 ita
1457 1813 1658 1883 comparatae,

329 1915 363 1964 ut
388 1907 466 1965 idem
495 1905 597 1964 multis
619 1907 717 1965 modis
738 1907 865 1966 diversis
888 1925 947 1965 non
970 1908 1067 1965 minus
1089 1916 1157 1982 apte
1185 1905 1332 1964 enuntiari
1353 1906 1492 1981 potuerit.
1537 1903 1661 1967 Scilicet

327 2026 394 2065 curn
418 2027 436 2064 a
459 2006 594 2066 Graecae
615 2008 736 2085 liuguae
757 2008 966 2066 communione
986 2007 1115 2066 Romani
1136 2005 1286 2064 abstinere
1307 2007 1473 2083 nequirent,
1495 2006 1660 2084 legitimum

328 2127 497 2166 sermonem
519 2127 605 2166 suum
627 2109 789 2184 prudenter
811 2115 840 2167 et
860 2109 977 2168 fortiter
998 2109 1094 2186 magis
1117 2125 1207 2184 quam
1229 2115 1298 2185 apte
1325 2115 1355 2165 ct
1375 2109 1471 2185 perita
1491 2107 1520 2166 ei
1541 2126 1660 2185 quoque

326 2209 447 2288 linguae
469 2209 641 2282 intulerunt,
663 2227 752 2285 qnam
776 2227 861 2267 suam
882 2208 1007 2268 alteram
1027 2209 1180 2269 iecissent.

406 2411 518 2470 Forma
543 2423 664 2471 senatus
692 2411 823 2472 consulti
850 2411 887 2470 de
915 2411 1076 2472 Thisbaeis
1103 2412 1151 2470 vel
1179 2411 1279 2488 potius
1306 2420 1429 2471 senatus
1457 2410 1661 2472 consultorum

327 2510 411 2584 (nam
436 2531 504 2570 cum
532 2522 739 2590 argumentum
767 2513 968 2586 continuetur,
995 2533 1066 2572 vera
1098 2519 1170 2573 sunt
1199 2512 1259 2571 duo
1291 2513 1410 2571 decreta
1439 2512 1520 2571 facta
1553 2511 1660 2572 diebus

327 2611 469 2688 diversis)
491 2615 522 2672 in
546 2615 716 2673 universum
738 2615 848 2688 eadem,
869 2621 916 2673 est
937 2623 1027 2690 atque
1052 2614 1125 2672 facti
1151 2613 1189 2672 de
1209 2613 1448 2672 Bacchanalibus
1473 2614 1662 2689 aliorumque
1747 2633 1754 2636 ·

327 2723 416 2770 antea
444 2723 592 2773 notorum.
636 2716 742 2773 Annus
771 2714 936 2772 secundum
961 2733 1047 2773 usum
1072 2716 1276 2774 Romanorum
1306 2713 1486 2789 antiquioris
1517 2713 1661 2790 temporis

328 2830 364 2868 eo
387 2819 501 2871 tantum
522 2814 680 2886 indicatur,
705 2816 786 2890 quod
808 2815 1001 2890 magistratus
1022 2816 1074 2891 qui
1095 2823 1218 2873 senatus
1241 2814 1407 2873 consultum
1428 2815 1533 2873 lecerit
1552 2833 1662 2874 nomen

327 2913 551 2988 praescribitur.
579 2947 618 2957 —
645 2913 693 2973 De
716 2914 830 2987 diebus,
857 2915 909 2990 qui
932 2923 1053 2974 senatus
1076 2915 1223 2976 consultis
1243 2915 1382 2974 omuibus
1404 2915 1663 2990 praescribuntur,

329 3030 396 3070 cum
418 3033 514 3089 nuper
535 3015 654 3094 egregie
678 3015 774 3093 egerit
795 3012 828 3075 O.
853 3015 947 3074 Bardt
968 3015 1111 3092 (Hermes
1133 3015 1162 3087 7,
1187 3016 1238 3092 14)
1265 3016 1398 3073 adhibito
1420 3017 1510 3074 etiam
1531 3017 1588 3076 hoc
1610 3017 1662 3076 do·

328 3126 466 3173 cumento
492 3115 654 3175 etiamtunc
680 3117 810 3189 inedito,
846 3117 884 3175 ad
911 3135 977 3175 eam
1005 3117 1284 3176 commentationem
1310 3116 1439 3176 lectores
1466 3121 1594 3176 remitto.
1621 3149 1660 3161 —

329 3213 430 3274 Locus
453 3217 524 3274 item
546 3218 683 3294 ponitur,
710 3217 818 3278 solitus
841 3236 947 3294 nempe
968 3218 999 3275 in
1021 3217 1156 3290 comitio,
1182 3218 1213 3277 id
1239 3228 1287 3276 est
1307 3217 1339 3276 in
1360 3218 1443 3276 curia
1463 3217 1597 3277 Hostilia
1618 3218 1661 3294 (v.

328 3315 390 3374 rol.
413 3316 429 3373 I
452 3337 481 3394 p.
507 3317 590 3394 113).
613 3350 651 3360 -
680 3315 854 3395 Sequuntur
879 3319 1000 3379 nomina
1027 3336 1130 3377 eorum
1153 3319 1204 3394 qui
1231 3319 1392 3377 scribundo
1416 3317 1584 3392 adfuerunt,
1610 3319 1662 3395 qui

328 3415 358 3473 in
380 3418 481 3493 priore
502 3429 625 3477 sanatus
647 3418 783 3478 consulto
804 3419 864 3477 duo
886 3429 964 3491 suut,
992 3429 1025 3478 ut
1044 3415 1107 3478 bini
1128 3425 1243 3478 tautum
1270 3425 1363 3478 testes
1391 3420 1551 3496 perscripti
1578 3419 1662 3479 inve·

329 3516 452 3575 niuntur
478 3520 510 3577 in
536 3528 658 3579 senatus
680 3519 826 3579 consultis
849 3521 965 3580 duobus
986 3522 1067 3596 apud
1088 3519 1251 3598 Iosephum
1272 3517 1422 3596 retaciat),
1443 3519 1474 3578 in
1496 3521 1663 3598 posteriore

331 3691 535 3706 n-a———u-

331 3788 357 3836 p.
373 3775 398 3834 7,
417 3775 565 3828 Hercberus
584 3793 625 3828 ma
649 3779 736 3828 docuit
759 3795 812 3830 nou
837 3779 898 3829 solis
917 3779 1023 3829 Boeotis
1044 3781 1176 3844 proprium
1202 3793 1270 3840 esso,
1297 3779 1344 3829 scd
1367 3779 1428 3828 item
1452 3779 1661 3844 frequentissimo

330 3866 437 3928 reperiri
455 3868 525 3930 apud
545 3869 748 3931 Alexandrinos,
775 3877 803 3920 ut
827 3870 896 3934 apud
913 3870 1124 3935 Lycophronem,
1149 3871 1177 3920 in
1201 3871 1318 3920 versione
1342 3869 1478 3923 bibliorum
1502 3871 1665 3935 septuaginta

331 3953 498 4020 interpretum
517 3961 622 4024 passim,
644 3961 754 4025 denique
774 3961 843 4025 apud
857 3955 1002 4025 Byzantios'
1016 3968 1133 4012 auctores
1151 3961 1231 4012 medii
1251 3962 1316 4023 aeri,
1336 3968 1364 4010 ut
1383 3961 1410 4010 id
1429 3961 1519 4011 vitium
1538 3962 1665 4012 sermonis

332 4045 382 4094 lats
407 4048 518 4110 patuerit
536 4063 640 4100 neccsse
660 4037 701 4100 sit.
739 4051 806 4100 Item
825 4045 905 4099 lnam
923 4067 948 4101 v.
968 4053 1002 4102 62
1023 4059 1160 4116 araceptc
1179 4066 1297 4102 sermone
1316 4053 1457 4102 abhorrens
1475 4051 1567 4102 iisdem
1586 4053 1664 4102 inter·

330 4135 445 4197 pratibus
474 4138 663 4190 Alexandrinis
691 4142 813 4192 usitatum
841 4157 904 4191 esse.
943 4143 1005 4192 Non
1032 4143 1117 4206 inepte
1141 4145 1218 4208 igitur
1242 4144 1350 4208 cogitari
1375 4143 1408 4192 de
1430 4144 1570 4206 interprete
1588 4142 1666 4194 huius

333 4229 547 4278 senatusconsulti
566 4229 666 4280 Romae
685 4232 794 4296 degente
814 4235 919 4284 natione
939 4233 1129 4295 Alexandrino,
1154 4233 1194 4283 rel
1214 4241 1282 4284 certe
1300 4249 1317 4284 a
1336 4232 1430 4286 Graeci
1448 4235 1574 4284 sermonis
1592 4250 1666 4284 mun·

334 4316 399 4384 ditis
418 4319 454 4368 ita
473 4320 567 4382 alienu,
586 4329 615 4370 ut
632 4337 649 4372 a
668 4323 814 4388 vulgaribus
833 4325 964 4375 erroribus
982 4340 1035 4375 non
1054 4330 1164 4374 caveret.

409 4408 432 4472 ¹)
459 4412 528 4461 Haec
547 4413 601 4477 epti
619 4414 740 4464 vocabuli
759 4430 816 4465 cum
830 4431 922 4480 parum
941 4422 1002 4480 apta
1014 4415 1168 4481 permutatio
1181 4431 1235 4466 uon
1253 4421 1307 4465 tam
1326 4415 1509 4466 adiciendam
1523 4415 1665 4466 scribarum

334 4501 470 4552 referenda
489 4516 527 4552 est
546 4519 624 4569 quam
643 4506 677 4556 ad
693 4506 827 4556 consilium
851 4521 941 4558 eorum
965 4508 1008 4571 qui
1026 4507 1125 4558 Romae
1148 4505 1225 4557 rebus
1248 4513 1395 4571 praeerant,
1422 4521 1470 4556 nec
1492 4507 1548 4557 sino
1571 4507 1667 4561 idonea

333 4605 411 4642 rausa
427 4591 460 4664 τῇ
478 4592 562 4666 βουλῇ
578 4591 625 4645 τῶν
644 4591 805 4664 Συρακοσίων
823 4597 962 4663 respondet
979 4613 1032 4648 nou
1050 4589 1066 4662 ἦ
1086 4585 1167 4661 βουλὴ
1185 4594 1232 4647 sair
1249 4589 1388 4665 Ῥωμαίων,
1414 4597 1460 4647 sed
1483 4588 1498 4660 ἦ
1517 4585 1664 4664 adpetuntur.

410 4681 434 4746 ²)
458 4686 620 4750 Antiq.1ud.
637 4688 679 4749 13,
695 4689 720 4749 9,
737 4690 760 4738 2.
782 4690 825 4750 14,
842 4690 866 4749 8,
883 4689 906 4738 ⁵.
938 4690 999 4740 Non
1018 4697 1058 4739 est
1075 4691 1159 4740 simile
1178 4690 1248 4754 quod
1266 4688 1427 4754 compararit
1439 4688 1582 4739 Foucartus
1600 4689 1665 4739 rele-

333 4779 387 4824 tum
407 4777 476 4840 apud
497 4777 648 4828 Ciceronem
666 4777 710 4840 (ad
728 4781 783 4830 Att.
798 4782 824 4841 4,
847 4780 889 4841 18,
911 4778 937 4842 2)
956 4781 1074 4831 consules
1093 4796 1117 4830 a.
1131 4781 1183 4831 699
1203 4786 1306 4845 pactum
1323 4780 1416 4830 iecisse
1435 4794 1494 4828 cum
1513 4779 1666 4843 petitoribus

334 4864 441 4916 daturos
460 4882 487 4916 se
507 4865 556 4918 duc
575 4869 732 4930 consulares,
759 4870 804 4936 qui
820 4885 847 4920 ce
866 4869 977 4922 dicerent
994 4872 1021 4922 ia
1040 4871 1163 4923 amandis
1176 4871 1320 4939 prouinciis
1339 4867 1514 4922 conaturibus
1532 4867 1664 4920 tetbaudo

334 4953 458 5018 adfuisse,
483 4974 537 5008 cum
564 4961 659 5010 omuino
684 4976 713 5010 nc
737 4967 837 5011 cesama
861 4959 958 5028 quidem
983 4979 1013 5014 aa
1036 4962 1076 5014 die
1093 4963 1189 5029 fnisset
1208 4960 1277 5025 [cod.
1298 4961 1395 5029 quidem
1416 4959 1559 5027 adfuisset}
1596 4961 1666 5012 Nam

335 5046 405 5109 quod
423 5048 475 5097 duo
489 5051 636 5103 consulares
652 5052 788 5104 scribendo
806 5053 908 5117 adsunt,
929 5054 989 5106 inde
1010 5070 1063 5106 uon
1080 5061 1148 5107 recte
1162 5053 1291 5121 colligitur
1308 5069 1362 5106 ιιοιι
1374 5053 1432 5120 plus
1450 5052 1515 5105 duos
1534 5059 1668 5105 senatores

335 5137 470 5190 scribendo
489 5141 611 5194 adfuisse.
