3742 5826
641 585 808 638 nvnnma
826 585 1067 640 consumam.
1445 572 1513 644 197

189 769 219 818 at
239 758 289 818 XI
308 757 453 816 kalendas
469 756 592 834 Apriles
613 759 790 834 magistratu
804 759 895 818 functi
910 777 979 820 esse
992 761 1182 821 inveniantur
1203 763 1255 840 (cl.
1270 764 1331 822 tab.
1347 765 1415 823 hon.
1431 765 1515 826 miss.

190 860 250 919 vol.
266 859 323 932 111,
342 857 478 918 XXXII.
499 857 673 935 XXXIII),
699 859 827 935 primum
849 870 927 920 certe
949 863 1113 921 nundInum
1136 880 1195 923 non
1216 865 1356 925 blmestrc
1376 867 1441 937 fuit,
1464 863 1516 928 ssd

190 971 242 1022 aut
262 961 410 1020 trimestre
432 970 485 1019 aut
506 959 733 1036 quadrimestre.
769 960 837 1020 Iloc
857 971 956 1021 autem
977 963 1049 1021 mihi
1065 965 1161 1042 magis
1176 966 1332 1040 probatur:
1354 986 1423 1027 nam
1438 989 1516 1028 anno

190 1080 309 1139 quoque
334 1063 392 1121 134
417 1061 650 1137 quadrimestria
669 1061 765 1121 fuisse
786 1062 920 1121 nundina
940 1064 1046 1122 consul
1067 1065 1198 1124 ostendit
1216 1067 1387 1129 ordinarius
1409 1070 1446 1128 T.
1462 1070 1516 1129 Vi·

190 1164 257 1222 bius
272 1163 372 1222 Varus
400 1181 467 1221 cunr
490 1162 527 1222 T.
554 1161 681 1220 Haterio
703 1161 822 1240 Nepote
848 1180 1022 1222 successore
1046 1163 1182 1226 Serviani
1209 1169 1313 1228 consul
1342 1180 1410 1230 ante
1439 1172 1516 1230 diem

189 1263 252 1323 1111
271 1281 368 1323 nonas
383 1264 505 1340 Apriles
528 1262 601 1338 (tab.
624 1264 694 1323 hon.
715 1264 799 1323 miss.
822 1263 881 1322 vol.
896 1264 955 1336 111,
969 1265 1135 1343 XXXIV).
1171 1268 1275 1346 Itaque
1288 1269 1444 1331 Hadriano
1463 1273 1517 1332 im·

189 1373 313 1444 perante
340 1375 401 1424 tam
426 1365 458 1423 in
482 1365 558 1424 duos
586 1383 675 1442 quam
701 1364 849 1423 interdum
874 1366 904 1423 in
933 1373 1095 1441 quaternos
1117 1386 1250 1445 quoque,
1276 1372 1406 1432 fortasse
1427 1375 1516 1433 etiam

192 1467 223 1526 iu
245 1476 345 1526 ternos
366 1481 485 1524 menses
506 1465 603 1525 fasces
624 1465 687 1524 dati
709 1473 786 1525 sunt.

276 1566 322 1626 De
345 1567 490 1626 Antonini
511 1566 561 1626 Pii
586 1567 860 1644 imperatorumque
886 1569 937 1645 qui
964 1579 1131 1646 sequuntur
1155 1573 1338 1649 temporibus
1361 1574 1520 1636 difficulter

191 1668 316 1728 iudicari
337 1675 446 1744 potest,
468 1687 536 1728 cam
557 1668 588 1726 in
610 1670 717 1728 horum
736 1671 936 1728 monumentis
952 1670 1067 1730 suffecti
1082 1672 1223 1732 consules
1237 1692 1305 1732 raro
1319 1677 1518 1737 nominentur.

191 1768 336 1828 Nundlna
357 1779 456 1828 tamen
476 1769 632 1830 bimestris
650 1769 746 1846 magis
765 1770 923 1847 magisque
943 1771 1081 1831 videntur
1098 1773 1270 1834 invaluisse.
1306 1775 1349 1836 Ut
1363 1797 1443 1837 anno
1460 1779 1519 1838 156

139 1855 142 1862 ’
192 1870 330 1930 serenus
351 1871 472 1947 qurum
493 1871 639 1930 ianuariis
661 1871 702 1930 u.
719 1868 862 1930 catonus
883 1871 1037 1932 Barbarus
1059 1883 1089 1933 a
1110 1875 1150 1933 u.
1169 1875 1303 1936 neurius
1318 1877 1453 1956 negatus
1475 1882 1520 1939 rn-

193 1972 299 2042 ierunt,
324 1971 420 2048 pridie
442 1991 513 2031 vero
535 1972 603 2030 idua
625 1971 751 2031 Martias
773 1972 811 2032 Aa
832 1973 962 2033 Avillius
981 1972 1139 2034 Urinatius
1161 1975 1336 2050 Quadratus
1358 1989 1389 2038 et
1410 1978 1519 2040 Strabo

194 2073 382 2132 Aemilianus
408 2073 586 2150 magistratu
607 2073 806 2151 fungebantur
827 2071 898 2149 (act.
920 2074 1024 2134 Arval.
1048 2093 1075 2133 a.
1094 2075 1184 2151 155),
1212 2086 1245 2136 ut
1265 2078 1362 2138 fasces
1383 2099 1418 2139 eo
1441 2099 1519 2140 anno

194 2175 224 2234 in
250 2175 338 2234 binos
364 2191 484 2234 menses
510 2174 597 2234 datos
622 2191 690 2234 csse
711 2183 821 2252 pateat.
863 2175 948 2234 Idem
970 2176 1007 2236 ds
1028 2184 1125 2236 aetate
1146 2195 1201 2238 sua
1221 2178 1350 2238 allirmat
1370 2180 1432 2240 Dio
1454 2183 1520 2258 (43,

195 2275 249 2352 46)
271 2276 308 2335 de
329 2286 463 2353 tempore
484 2276 692 2336 consulatuum
714 2277 757 2335 siu
778 2277 925 2336 scribens:
947 2275 979 2334 ἐκ
1001 2272 1026 2334 δ’
1039 2267 1087 2336 οὖν
1108 2279 1162 2335 τοῦ
1181 2269 1288 2361 χρόνον
1310 2273 1413 2338 ἐκείνου
1430 2275 1520 2340 ου’κέτι

195 2376 218 2433 οἱ
244 2367 324 2434 αὐτοὶ
350 2372 396 2434 lul
424 2372 530 2438 παντός
557 2380 608 2436 τοῦ
632 2367 713 2438 ἔτους
737 2371 810 2447 πλὴν
830 2369 933 2455 ὅλῖγων
954 2368 1030 2435 πάνυ
1052 2401 1088 2454 γε
1110 2371 1291 2447 8111111111,
1317 2376 1382 2438 aba?
1405 2373 1444 2444 uie
1464 2405 1519 2441 που

194 2467 241 2535 καὶ
262 2468 380 2554 ἔτυχον,
405 2477 429 2534 οἱ
450 2466 498 2544 μὲν
519 2469 564 2536 ἐπὶ
585 2470 712 2544 πλείους,
734 2477 757 2534 οἱ
779 2472 810 2535 δὲ
831 2473 874 2536 ἐπ’
896 2471 1048 2546 ἐλάττους,
1073 2479 1097 2537 ot
1117 2468 1165 2544 μὲν
1186 2482 1290 2550 μῆνας,
1312 2482 1336 2540 οἱ
1358 2473 1388 2540 δὲ
1409 2475 1521 2568 ducique,

195 2569 254 2635 ἐπεὶ
285 2579 333 2635 νῦν
359 2602 396 2655 γε
425 2569 516 2640 οὐδεὶς
542 2567 605 2635 odra
632 2575 675 2635 ἐπ’
701 2574 840 2646 irruentia,
868 2568 932 2637 odra
960 2579 993 2638 ἐς·
1019 2571 1124 2638 πλείω
1153 2573 1296 2650 daniaco
1325 2574 1453 2665 χρόνον
1483 2584 1521 2646 ὥς

195 2671 305 2748 πλήθει
327 2673 379 2736 cdv
400 2670 479 2762 ἑτέρῳ
500 2669 551 2736 rud
572 2667 669 2762 ἄρχει.
705 2677 754 2738 Ne
775 2687 875 2739 tamen
897 2682 1001 2740 credas
1023 2691 1086 2741 tum
1107 2699 1225 2758 semper
1245 2683 1277 2741 in
1297 2685 1386 2743 binos
1402 2704 1522 2747 menses

196 2781 295 2840 fasces
317 2781 402 2840 datos
424 2798 509 2853 esse„
524 2780 657 2841 nundina
677 2780 869 2841 inveniuntur
890 2783 960 2840 item
981 2801 1018 2841 ea
1038 2790 1135 2842 aetme
1156 2791 1208 2842 aut
1229 2785 1367 2843 breviora
1388 2795 1440 2846 aut
1457 2787 1521 2846 lon·

196 2883 291 2960 giora
333 2883 374 2942 Et
397 2883 517 2942 brevius
538 2882 658 2960 quidem
680 2882 738 2940 fuit
759 2883 895 2943 ultimum
917 2891 997 2942 carte
1017 2885 1088 2943 anni
1106 2885 1179 2955 155,
1205 2903 1265 2961 quo
1287 2887 1431 2947 ordinarii
1452 2909 1521 2949 con·

197 2985 277 3043 aules
298 2991 509 3061 processerunt
530 2982 660 3045 Severus
683 2994 713 3042 et
734 2983 874 3056 Rufinus,
899 2995 1167 3045 commemorantur
1187 2986 1294 3047 deinde
1316 3007 1418 3049 mense
1441 2991 1523 3051 Maio

197 3103 264 3144 cnm
286 3085 403 3162 collega
423 3086 525 3144 nescio
547 3103 608 3161 quo
624 3083 659 3144 C.
674 3085 823 3144 Aucidius
837 3083 943 3144 Victor
964 3086 1034 3162 (aot.
1050 3087 1156 3146 Arval.
1179 3107 1206 3146 a.
1224 3089 1307 3164 155),
1329 3089 1378 3150 die
1399 3090 1522 3154 III-no·

196 3203 251 3246 nas
266 3184 454 3246 Novembres
469 3186 579 3245 Antius
593 3185 693 3245 Pollio
713 3194 743 3244 ct
757 3185 936 3262 Opimianua
958 3186 1077 3262 quidam
1101 3185 1169 3263 (Or.
1184 3188 1290 3264 4370),
1312 3191 1440 3268 denique
1453 3203 1523 3254 anta

198 3286 277 3345 diem
299 3287 345 3345 111
367 3287 435 3348 idus
458 3287 641 3348 Decembres
663 3287 722 3345 duo
744 3284 849 3347 Severi
871 3285 942 3362 (act.
964 3287 1070 3346 Arval.
1093 3287 1225 3364 1155),
1247 3296 1281 3347 11
1304 3290 1335 3348 hi
1355 3310 1523 3368 perunum

197 3406 328 3448 mensem
349 3388 543 3448 Decembrem
566 3405 715 3447 summum
736 3386 881 3446 honorem
902 3386 1068 3446 obtinuisse
1089 3387 1256 3446 videantur.
1298 3388 1412 3450 Notum
1434 3411 1524 3469 porro

198 3497 245 3549 est
275 3491 442 3565 imperante
470 3487 636 3550 Commodo
668 3489 807 3548 consules
838 3489 947 3564 viginti
977 3487 1109 3564 quinque
1140 3505 1198 3546 uno
1230 3507 1308 3549 anno
1341 3489 1523 3556 Cleandrum

198 3591 397 3650 nominandos
422 3607 543 3650 curasse
567 3589 648 3666 (Dio
663 3587 718 3662 77,
736 3587 798 3664 lt).
841 3587 868 3646 Ε
890 3588 1040 3648 contrario
1062 3587 1199 3666 longiora
1219 3589 1353 3650 nundina
1373 3594 1444 3651 anni
1465 3597 1523 3655 184

199 3691 339 3750 videntur
368 3691 471 3750 luisse
520 3691 570 3749 Ad
602 3697 671 3749 aeta
701 3691 780 3750 enim
808 3689 967 3750 Arvalium
999 3689 1070 3748 anni
1092 3689 1150 3748 188
1183 3708 1250 3749 cum
1282 3671 1456 3752 adnotatum
1485 3697 1524 3755 sit

199 3792 350 3869 piaculum
377 3793 416 3850 ob
443 3792 513 3850 ferri
542 3791 699 3850 elationem
727 3790 839 3850 factum
866 3807 933 3850 asse
961 3797 1030 3849 ante
1056 3789 1133 3849 diem
1162 3791 1223 3850 XV
1245 3792 1392 3854 kalendas
1419 3794 1524 3854 Iunias

199 3895 268 3953 anni
293 3894 368 3964 184,
394 3892 544 3970 piaculum
557 3892 609 3950 -ob
635 3892 808 3951 inlationem
832 3891 905 3952 ferri
930 3899 1012 3950 certo
1037 3891 1142 3968 paucis
1169 3892 1273 3951 diebus
1300 3903 1368 3954 aute
1396 3897 1524 3956 alterum

199 3993 310 4054 lactum
340 4003 386 4054 est
412 3993 602 4065 consulibus,
631 3993 709 4051 sicut
734 4001 801 4052 acta
826 3999 988 4064 testantur,
1020 3991 1057 4051 L.
1086 3989 1235 4052 Cossonio
1262 3993 1359 4072 Eggio
1385 3997 1525 4070 Marullo,

202 4092 257 4154 (ln.
279 4094 402 4170 Papirio
424 4095 565 4166 Aeliano,
594 4093 626 4151 id
654 4100 701 4152 est
725 4093 789 4174 eius
813 4095 884 4153 anni
909 4093 1078 4153 ordinariis.
1121 4092 1162 4152 Hi
1191 4094 1283 4170 Igitur
1307 4114 1410 4156 mense
1429 4099 1526 4176 Aprili
1609 4109 1613 4118 '

199 4195 358 4255 consulatu
384 4195 518 4254 nondum
545 4213 578 4254 sc
605 4194 870 4272 abdicaverant¹),
899 4194 978 4254 uude
1003 4194 1136 4254 nundina
1162 4196 1394 4272 quadrImestria
1421 4200 1526 4259 edam·

140 4296 142 4298 ’
201 4309 264 4356 tum
291 4297 321 4355 in
347 4313 405 4354 usu
431 4297 527 4356 fuisse
551 4296 693 4373 sequitur.
740 4295 848 4370 Itaque
874 4314 911 4354 ne
938 4295 994 4355 sub
1019 4295 1182 4354 Antoninis
1208 4297 1330 4372 quidem
1359 4300 1426 4357 sola
1452 4318 1527 4359 nun-

201 4398 273 4456 dina
291 4397 447 4456 bimestris
467 4397 595 4469 fuerunt,
617 4397 669 4456 sed
691 4396 739 4455 val
761 4415 797 4454 ea
817 4403 915 4454 aetate
936 4395 1034 4453 lauces
1055 4394 1203 4453 interdum
1225 4396 1372 4455 dabantur
1391 4400 1421 4455 iu
1444 4417 1526 4456 men·

202 4517 252 4557 ses
277 4498 368 4556 modo
393 4498 496 4574 plures
524 4499 613 4557 modo
640 4499 814 4576 pauciores,
846 4496 967 4555 etiamsi
994 4504 1081 4553 extra
1108 4495 1241 4553 ordinem
1269 4496 1299 4553 id
1326 4497 1469 4555 accidisse
1498 4504 1528 4556 et

202 4598 376 4676 plerumque
396 4618 451 4676 per
472 4599 560 4658 binos
582 4616 699 4657 menses
721 4597 819 4656 fasces
835 4604 938 4673 gestos
953 4611 1021 4654 esse
1035 4594 1129 4652 Dioni
1144 4594 1265 4652 omnino
1280 4595 1456 4655 credendum
1472 4604 1528 4656 cst.

281 4855 305 4919 ¹)
332 4857 365 4907 In
383 4858 448 4908 actis
461 4857 599 4908 Arvalium
618 4869 743 4906 annorum
758 4855 809 4904 771
827 4853 933 4915 (Marini
946 4851 992 4914 47)
1011 4857 1037 4902 et
1050 4852 1102 4902 775
1122 4850 1167 4914 (id.
1181 4851 1227 4914 43)
1246 4852 1316 4917 quod
1327 4853 1355 4902 in
1368 4851 1419 4902 11111
1433 4851 1529 4904 Gratas

204 4953 230 4996 et
247 4947 370 5000 Seleucus
388 4955 447 4998 anta
466 4947 536 4998 diem
549 4948 603 4999 vn
621 4947 679 4997 idus
690 4945 785 5007 Maias,
805 4946 832 4995 ln
851 4945 892 4994 hls
905 4943 1003 4994 Fuscus
1015 4944 1044 4994 Π
1062 4950 1088 4992 et
1099 4943 1198 4994 Dexter
1215 4943 1300 4994 XIIII
1312 4943 1435 4994 kalendas
1444 4943 1531 4995 Maias

204 5039 322 5089 consules
345 5045 588 5101 commemorantur,
611 5037 673 5088 Inde
696 5037 782 5102 potius
807 5035 987 5101 explicandum
1006 5040 1055 5097 est,
1080 5035 1149 5100 quod
1167 5033 1292 5084 ordinarii
1311 5041 1365 5085 tum
1383 5049 1430 5099 per
1448 5040 1531 5085 totum

205 5143 301 5179 annum
320 5131 405 5180 notari
424 5130 557 5192 solebant,
580 5128 745 5180 suffectorum
762 5127 950 5178 nummatam
969 5126 1121 5178 citabantur.
1158 5126 1203 5176 Ad
1221 5133 1279 5179 acta
1297 5133 1383 5178 autern
1401 5125 1530 5177 ann1183

205 5219 232 5270 id
252 5221 359 5271 minima
377 5221 506 5286 pertinere
524 5221 578 5272 1111
595 5219 712 5272 nundina
730 5220 868 5271 ostendunt
886 5219 913 5268 in
933 5218 996 5268 actis
1014 5217 1163 5282 perscripta.
