3742 5826
362 549 434 620 140
929 563 1110 617 uomusau

358 740 559 816 inopportuno
580 737 699 796 silentio
716 736 852 794 laterculi
873 735 904 792 in
926 734 1139 794 commentario
1159 743 1271 794 sacena.
1307 733 1409 809 Quare
1429 752 1496 794 cum
1520 737 1596 794 satis
1611 756 1683 797 con·

359 849 438 899 stare
460 839 593 898 videatur
613 836 742 895 Bassum
763 857 847 908 eum,
873 837 926 913 qui
947 836 1046 894 fasces
1067 836 1162 911 ges‘sit
1186 836 1293 893 iterum
1314 855 1342 895 a.
1358 833 1429 909 271,
1457 845 1547 895 antea
1567 835 1684 918 ἐπανορ-

357 933 457 1008 θωτῆν
481 928 577 1006 πάγης
596 929 736 1004 'lunulam
761 937 791 1000 id
817 945 862 996 est
888 937 980 996 totius
1001 935 1109 995 Italiae
1133 926 1330 995 correctorem
1355 936 1464 1010 fuisse,
1485 937 1597 998 ,eodem
1619 938 1684 997 sine

357 1041 449 1100 dubio
473 1056 610 1110 munere,
636 1039 700 1096 sire
720 1037 989 1106 extraordinarium
1010 1037 1041 1095 id
1062 1055 1098 1096 eo
1120 1043 1255 1112 tempora
1275 1037 1331 1096 luit
1352 1038 1415 1097 sive
1436 1038 1601 1116 legitimum
1623 1039 1684 1096 iam

357 1150 388 1200 et
416 1140 578 1212 sollemne,
609 1139 678 1197 item
706 1139 870 1215 imperante
899 1136 1057 1197 Caracalla
1085 1135 1214 1198 Sabinus
1242 1137 1363 1196 iunctus
1390 1145 1444 1197 eat
1489 1139 1618 1198 ¹Accedit
1645 1136 1699 1220 ad·

357 1243 414 1302 bos
441 1242 516 1301 duos
542 1239 661 1308 titulos,
689 1257 766 1315 quae
790 1239 921 1315 scriptor
942 1240 1069 1299 vitarum
1093 1237 1217 1314 triginta
1239 1245 1436 1316 mrannorum
1457 1257 1483 1298 c.
1501 1240 1539 1298 14
1566 1239 1603 1297 de
1625 1237 1684 1298 Te-

358 1344 433 1401 trico
460 1348 563 1399 namet
582 1359 650 1399 eum
671 1339 710 1398 ab
730 1340 894 1399 Aureliano
915 1348 1074 1415 postquam
1096 1337 1230 1397 devictus
1251 1349 1332 1398 esset
1351 1319 1463 1398 lactum
1484 1357 1552 1400 esse
1573 1357 1684 1398 comac-

358 1452 445 1501 tarcm
469 1445 555 1502 totius
582 1441 703 1512 Italiae,
728 1442 762 1498 id
785 1449 827 1499 sat
848 1439 1024 1516 Campaniae
1049 1439 1163 1500 Samnii
1186 1438 1338 1500 Inacamm
1357 1439 1537 1500 Bruaiorum
1557 1440 1684 1516 Apulim

359 1543 512 1603 Calabriae
536 1540 677 1600 Etruriae
702 1550 787 1616 atque
813 1539 946 1600 Umbriae
972 1540 1071 1599 Piceni
1095 1551 1122 1599 ct
1142 1540 1308 1600 Flaminiae
1333 1544 1479 1617 omniaque
1505 1543 1684 1599 ammonariae

357 1647 491 1720 repleuit.
527 1640 613 1716 Quae
632 1641 765 1700 narratio
786 1641 918 1700 auctoris
940 1659 1013 1700 sane
1033 1641 1111 1701 levis
1133 1640 1230 1700 adbuc
1243 1641 1355 1702 reiecta
1367 1648 1414 1700 est
1427 1651 1588 1717 propterea
1601 1642 1683 1717 quod

358 1753 389 1804 et
412 1744 514 1820 plures
540 1751 570 1802 et
596 1743 734 1810 meliores
756 1742 956 1819 scriptorea¹)
983 1761 999 1800 e
1021 1742 1171 1801 coumario
1193 1751 1332 1802 asserunt
1352 1741 1505 1802 Tetricum
1526 1743 1564 1802 ab
1586 1743 1684 1801 Aure·

358 1846 440 1904 liano
462 1853 658 1904 correctorem
680 1843 789 1901 factum
811 1859 879 1901 esse
899 1842 1051 1902 Lucaniae
1073 1851 1103 1902 et
1122 1841 1205 1918 quod
1225 1850 1376 1902 comestor
1396 1842 1503 1902 Italiae
1524 1845 1683 1904 universae

356 1963 464 2004 munus
490 1953 555 2004 erat
578 1943 744 2002 inauditum
772 1951 834 2002 tum
861 1951 891 2001 et
915 1954 1071 2019 praeterea
1096 1942 1186 2020 plane
1211 1944 1354 2020 ignotum.
1397 1944 1462 2003 lam
1488 1955 1557 2020 post
1578 1942 1683 2004 Sabini

314 2069 319 2080 ·
357 2045 505 2121 Bessique
527 2045 632 2104 titulos
657 2051 791 2122 repertos
813 2041 909 2120 magis
929 2043 1085 2121 probabile
1105 2053 1153 2103 est
1174 2052 1373 2104 correctorem
1394 2045 1480 2105 initio
1501 2043 1682 2123 pertinuisse

357 2149 394 2208 ad
415 2148 534 2207 Italiam
561 2147 747 2216 universam,
773 2151 878 2221 postea
903 2143 1021 2203 demum
1048 2144 1145 2204 divisa
1165 2145 1256 2204 ltalia
1280 2145 1410 2223 partium
1431 2155 1616 2206 correcturas
1637 2147 1682 2205 in·

357 2251 479 2310 stitutus
503 2265 583 2320 esse,
608 2247 679 2305 illos
700 2255 800 2304 autem
821 2245 984 2321 scriptores
1005 2245 1053 2304 vel
1073 2245 1174 2320 potius
1195 2264 1299 2304 eorum
1321 2253 1473 2305 auctorem
1495 2265 1682 2306 communem

355 2346 494 2410 instituto
525 2365 597 2407 suae
628 2347 734 2405 aetatis
766 2346 921 2423 deceptum
953 2362 1008 2422 pro
1040 2351 1211 2404 comeatum
1239 2345 1346 2405 Italiae
1381 2347 1473 2407 totius
1506 2348 1582 2407 male
1611 2347 1680 2407 aub-

357 2451 491 2510 stituiase
522 2448 654 2524 regionis
684 2445 848 2505 cuiusdam.
897 2445 934 2504 In
965 2446 1069 2523 paucis
1100 2447 1286 2506 documentis
1304 2455 1391 2524 'quae
1420 2449 1564 2508 babemus
1590 2449 1679 2526 perti·

355 2550 493 2611 uentibus
524 2549 563 2608 ad
591 2553 725 2625 tempora
751 2545 849 2605 Taciti
881 2555 911 2605 et
939 2546 1032 2605 Probi
1059 2555 1242 2608 correctores
1270 2548 1367 2607 adbuc
1394 2549 1470 2608 nulli
1498 2559 1680 2627 comparent.

355 2652 526 2730 Imperante
553 2647 633 2709 Caro
660 2649 712 2724 qui
738 2647 908 2706 nominatur
935 2645 1014 2724 apud
1036 2645 1188 2706 Victorem
1217 2646 1403 2725 (Gaes.39‚
1427 2651 1474 2708 10.
1499 2652 1556 2727 11)
1587 2649 1680 2709 Iulia-

355 2770 412 2812 nus
433 2753 548 2812 Venetos
576 2759 736 2810 comestura
762 2766 849 2825 apeme
874 2757 904 2806 et
931 2748 997 2824 ipse
1023 2755 1181 2825 suspectus
1206 2759 1267 2822 est3
1294 2751 1377 2811 venit
1403 2751 1482 2810 enim
1508 2752 1546 2811 ab
1573 2751 1679 2810 eodem

354 2862 490 2924 auctora,
521 2869 610 2928 quern
637 2850 759 2908 Tetrico
790 2866 846 2924 pro
877 2848 969 2908 totius
1000 2848 1107 2908 Italiae
1138 2859 1339 2910 comesturam
1365 2850 1518 2912 Lucaniae
1550 2852 1680 2912 vidimus

354 2955 506 3015 tribuisse.
549 2950 663 3012 Contra
687 2952 718 3009 in
744 2949 854 3022 titulis,
879 2950 931 3027 qui
957 2949 995 3008 ad
1022 2950 1099 3010 banc
1125 2957 1252 3010 aetatem
1273 2953 1421 3029 pertinere
1442 2953 1590 3026 videntur,
1611 2973 1680 3012 curn

354 3063 495 3124 camactor
514 3052 623 3111 Italiae
642 3044 859 3125 inveniatur⁹)‚
880 3051 920 3109 ud
940 3070 968 3108 a.
990 3068 1086 3129 usque
1102 3049 1162 3110 282
1184 3052 1325 3113 universa
1344 3053 1435 3113 ltalia
1456 3055 1513 3113 sub
1533 3073 1591 3114 uno
1612 3072 1677 3112 cor-

352 3166 470 3216 rectore
494 3153 615 3214 mansit.
660 3152 799 3229 Denique
825 3152 914 3212 etiam
939 3153 998 3211 sub
1018 3151 1210 3214 Diocletiano
1236 3163 1267 3212 et
1285 3155 1470 3224 Maximiano
1495 3165 1679 3216 correctores

353 3257 460 3317 ltaliae
485 3255 676 3315 inveniuntur
703 3273 770 3312 cum
797 3253 829 3312 in
855 3254 1001 3330 resclipto
1023 3273 1050 3311 a.
1066 3252 1167 3331 290³)
1191 3261 1256 3313 tum
1277 3255 1309 3314 in
1330 3256 1415 3315 titulo
1437 3257 1585 3316 Patauino
1607 3257 1678 3316 anni

352 3357 506 3434 incerti4).
543 3354 661 3430 Quibus
682 3354 813 3414 fortasse
833 3354 994 3432 adiungere
1014 3353 1116 3415 licebit
1136 3365 1319 3416 conecterem
1340 3361 1486 3434 utriusque
1504 3359 1610 3418 Italiae
1631 3359 1678 3418 in·

351 3552 452 3604 narium
477 3552 646 3613 iteraverunt,
671 3550 756 3600 nullus
780 3563 809 3600 se
833 3549 927 3600 obtulit
951 3550 985 3599 ad
1012 3549 1039 3600 id
1065 3549 1136 3615 quod
1158 3549 1296 3614 requiritur
1318 3552 1380 3602 satis
1404 3557 1491 3616 aptus,
1521 3567 1579 3603 uum
1602 3566 1676 3617 prae·

352 3645 440 3694 aarum
458 3657 523 3708 quae
541 3642 568 3691 in
587 3639 662 3692 titulo
680 3641 800 3705 leguntur
818 3655 932 3702 munera,
952 3641 1066 3691 maxima
1083 3641 1235 3692 correctoris
1246 3641 1339 3693 Italiae
1352 3643 1438 3706 totius,
1457 3658 1509 3693 nou
1523 3644 1677 3694 conveniant

351 3731 402 3786 uisi
420 3734 499 3784 aetati
515 3730 680 3783 Diocletiano
699 3731 831 3781 anteriori.

429 3822 453 3885 ¹)
480 3823 572 3874 Victor
590 3820 665 3873 Caes.
685 3821 729 3883 35,
743 3821 768 3872 b.
795 3821 902 3884 Eutrop.
922 3821 1006 3881 9,13.
1038 3821 1101 3872 vire
1120 3823 1257 3874 Aureliani
1275 3839 1298 3874 a.
1312 3824 1356 3875 39.

427 3909 453 3975 ²)
481 3912 555 3964 Grut.
569 3913 660 3975 337,5
680 3910 724 3973 (el.
743 3925 850 3961 memor.
870 3910 929 3960 inat.
949 3911 974 3973 3,
988 3911 1069 3974 303)1
1095 3945 1154 3965 ....
1171 3913 1409 3982 ralipiotiaaimoque
1429 3911 1457 3966 0.
1480 3911 1581 3966 &iouia
1599 3913 1674 3982 Rufio

356 4001 492 4056 Volusiano
510 4020 535 4053 u.
553 4019 591 4064 c.,
615 4017 682 4052 corr.
701 3999 796 4052 Italiae
813 4015 865 4068 per
887 4017 967 4052 anuos
984 4009 1053 4065 octo,
1073 4005 1223 4071 proconsuli
1241 4004 1360 4071 Africae,
1380 4007 1465 4057 comiti
1481 4003 1576 4056 domiui
1592 4007 1676 4057 moaba'

354 4093 513 4146 Couslmrtiui
530 4127 587 4155 ...,
607 4091 737 4159 praesecto
755 4090 814 4142 urbi
836 4091 871 4153 (a.
886 4094 961 4155 310),
984 4093 1066 4145 iudici
1082 4110 1213 4146 sacrarum
1230 4097 1409 4164 capuitionum,
1435 4096 1534 4148 consuli
1551 4097 1585 4160 (a.
1599 4097 1675 4160 311).

350 4185 493 4238 Dedicatus
516 4191 555 4234 est
578 4184 667 4252 titulus
690 4189 826 4248 antequam
849 4183 1035 4249 praefecturam
1059 4186 1128 4237 urbis
1148 4188 1253 4254 iteravit
1270 4203 1294 4238 a.
1309 4188 1362 4239 313
1382 4195 1408 4238 et
1425 4189 1585 4240 consulatum
1604 4187 1673 4239 ordi·

350 4278 452 4328 narium
470 4275 569 4340 accepit
586 4288 611 4324 a.
624 4275 686 4325 ³14.
725 4273 893 4325 Gomacturaa
915 4281 1015 4342 tempus
1038 4277 1129 4328 defluit
1151 4277 1239 4328 titulus
1260 4279 1325 4329 altar
1342 4279 1500 4331 Puteolanus
1516 4279 1672 4331 1111497

351 4387 385 4410 =
400 4368 507 4418 Hermen
519 4366 603 4418 34311
620 4364 763 4430 semirame
786 4373 812 4415 et
822 4367 940 4433 piurima
953 4367 1071 4434 principi
1087 4381 1132 4418 auo
1151 4366 1190 4418 dl.
1209 4367 1314 4420 Aurelio
1337 4366 1430 4420 Carino
1448 4369 1537 4437 Rufius
1554 4366 1672 4422 Volusia-

350 4474 397 4510 mua
414 4476 439 4509 a.
458 4474 493 4520 a,
515 4472 599 4509 aarum
615 4455 711 4508 iudicia
730 4453 896 4518 beatissimus,
915 4458 1005 4508 iurum
1022 4465 1159 4522 ammentum
1183 4473 1243 4509 nam
1263 4459 1378 4510 eiusdem
1397 4460 1446 4511 riri
1463 4469 1598 4527 utrumque
1616 4476 1672 4512 essa

349 4550 489 4602 admodum
507 4548 639 4615 probabile
653 4554 698 4599 eat.
730 4547 822 4600 Obstat
839 4549 929 4600 tertius
948 4549 1035 4600 titulus
1054 4550 1123 4601 LN.
1137 4550 1222 4601 33131
1240 4549 1326 4617 Ruffio
1343 4547 1479 4602 Volusiano
1498 4568 1522 4602 u.
1538 4567 1560 4602 c.
1574 4567 1672 4604 corma·

350 4642 401 4694 tori
421 4638 584 4708 Campaniam
603 4647 632 4690 at
649 4639 692 4691 bia
709 4640 743 4691 de
760 4639 958 4706 interpolatione
976 4641 1017 4690 rel
1035 4641 1148 4692 maxime
1165 4647 1297 4705 suspectus
1316 4649 1420 4693 estnec
1437 4657 1492 4693 rem
1510 4642 1616 4694 decidit.

425 4729 450 4793 ⁸)
478 4731 590 4782 (1.11111.
610 4731 730 4793 7,33,3
753 4731 876 4796 inscripta
897 4727 1018 4781 Numidia
1043 4731 1181 4782 causatori
1197 4729 1301 4784 Italiae,
1338 4732 1421 4795 Quod
1436 4734 1500 4784 alim
1523 4734 1671 4785 tenebamus

349 4821 453 4874 Italiam
472 4821 514 4872 blo
531 4820 707 4886 accipiendam
725 4835 781 4872 essa
799 4835 830 4872 aa
847 4822 1044 4886 significatione,
1064 4835 1130 4887 quae
1147 4829 1238 4888 quarto
1256 4825 1360 4875 saeculo
1379 4824 1515 4890 aliquoties
1532 4825 1671 4888 iuvenitur,

349 4926 442 4976 nempe
463 4911 498 4961 de
516 4912 573 4962 sola
590 4911 703 4962 dioscml
722 4911 811 4962 11111111
828 4911 933 4974 Italiae,
952 4919 1012 4978 post
1028 4920 1156 4980 repertum
1174 4913 1275 4965 titulum
1292 4913 1369 4966 Bsasl
1387 4921 1413 4966 et
1430 4916 1561 4981 expletum
1579 4915 1670 4971 Sabini

350 5003 394 5052 rix
412 5001 461 5052 erit
478 5002 522 5066 qul
539 5001 670 5053 defendat.

425 5088 451 5152 ⁴)
476 5091 511 5153 r,
525 5093 595 5142 narr
610 5111 644 5134 ·.-.-
663 5091 739 5145 erue
751 5093 812 5154 ara,
826 5093 857 5144 42
882 5089 979 5142 reru
995 5087 1143 5144 somata
1162 5111 1186 5146 a.
1206 5093 1252 5160 [a]
1271 5103 1399 5148 maceror
1415 5083 1546 5162 irarum}
1580 5097 1670 5149 aueo

350 5181 434 5233 ninus
452 5187 522 5234 carta
540 5189 579 5233 est
596 5182 702 5249 flerique
720 5188 813 5249 potest,
832 5188 861 5234 ut
878 5189 937 5248 post
956 5187 1093 5234 111111...
1116 5186 1201 5252 plures
1219 5187 1320 5241 liusraa
1338 5187 1432 5240 desint.
