3736 5822
615 507 663 558 ou
681 508 892 564 russssoro
910 510 1138 566 cssrsouvu.
1490 500 1536 568 87

254 673 308 750 36)
348 672 381 733 0.
404 675 458 734 Vin
469 718 559 736 .....
570 680 603 736 ni
624 681 711 754 princ
722 720 855 740 .......
883 685 1009 758 impensa
1034 724 1127 741 .....
1145 687 1241 762 praes.
1268 685 1370 763 ca[str]
1383 728 1475 745 .....
1499 720 1537 730 -

365 773 528 835 Brambaeb
553 775 585 835 G.
601 780 628 837 I.
645 779 733 838 liban.
748 780 810 839 985
830 800 891 857 rep.
913 782 1099 859 Mopontiaci.

254 874 308 951 37)
340 917 515 935 .....,...
534 879 630 954 praes.
653 891 740 939 emer.
764 881 817 956 lep.
837 880 882 940 VI
893 885 974 942 utcu.
989 915 1031 926 -·-
1054 882 1158 943 Gruter
1172 886 1252 956 1110,
1267 887 1303 945 11
1322 886 1356 963 (a
1372 885 1538 962 Simnondo)

364 995 425 1052 rep.
451 977 563 1036 Tibure.

211 1075 338 1136 Plenam
358 1077 412 1136 dat
430 1075 550 1138 Donius
566 1077 595 1150 6,
611 1077 647 1138 21
672 1097 711 1138 ox
733 1079 914 1141 adversariis
929 1081 1020 1142 Dum.
1035 1084 1174 1144 Punioali
1196 1086 1279 1162 (inde
1294 1087 1402 1146 Murci.
1418 1087 1489 1157 807,
1504 1087 1537 1161 6)

211 1175 263 1234 ubi
284 1183 409 1239 vocatur
429 1178 470 1237 M.
493 1176 652 1238 Cornelius
673 1181 715 1240 M.
742 1181 763 1240 1.
786 1182 845 1240 Au.
868 1184 1003 1256 Anthus,
1016 1185 1084 1256 ¹sed
1108 1195 1140 1244 et
1160 1186 1246 1244 testis
1267 1195 1298 1246 et
1318 1204 1426 1246 nomeu
1448 1187 1539 1246 iuter-

209 1276 395 1350 polationem
418 1279 542 1338 subesse
563 1279 778 1342 demonstrent.

253 1377 307 1452 38)
343 1375 376 1436 C.
405 1377 548 1437 Seruilius
573 1380 609 1449 β.
631 1381 661 1456 s.
768 1384 832 1442 trib.
939 1388 1027 1461 prim.
1054 1387 1134 1462 pilue
1164 1387 1351 1462 erueremur)
1377 1389 1538 1463 praefectus

356 1479 424 1554 fieri
444 1483 536 1538 iussit.
553 1513 590 1524 -
613 1481 727 1540 Murat.
742 1483 843 1553 853,1
864 1503 898 1544 ea
918 1485 1124 1544 Bonauentura
1141 1487 1253 1563 Aepulo
1275 1487 1344 1562 (Or.
1361 1487 1455 1562 3119)
1477 1505 1537 1562 rep.

362 1579 497 1638 Pamnae.

209 1679 390 1738 Murutorius
415 1682 553 1754 adnotat,
581 1681 613 1740 iu
639 1682 757 1743 schedis
779 1683 933 1744 Rumberti
960 1687 1041 1762 apud
1062 1685 1228 1746 Bertoliuru
1250 1688 1311 1764 legi
1333 1701 1537 1746 ruuusscrvs·

208 1795 331 1838 cnsrso
344 1823 352 1838 .
365 1822 394 1839 ..

292 1881 382 1940 Addo
397 1882 445 1941 his
463 1882 632 1958 praefectos
654 1890 821 1943 castrorum
843 1886 924 1962 apud
946 1887 1109 1961 scriptores
1131 1894 1389 1959 commemoratos,
1410 1905 1539 1962 quorum

208 1983 332 2042 nomina
351 1983 538 2060 ignoramus:

251 2081 305 2158 39)
337 2083 479 2154 Velleil,
494 2083 551 2142 112
571 2083 618 2160 (in
633 2103 737 2160 pnpna
757 2085 793 2142 ab
815 2083 855 2143 A.
873 2085 995 2144 Caecina
1017 2085 1176 2144 etPlautio
1192 2083 1312 2144 Siluano
1333 2103 1409 2144 anno
1424 2087 1444 2143 7
1453 2106 1486 2161 p.
1505 2086 1536 2145 0.

359 2189 507 2242 ammissa
521 2187 645 2260 quinque
660 2183 816 2261 lapionibua
831 2183 1077 2262 auciliaribuepre
1091 2189 1165 2245 sotir
1180 2185 1307 2261 mairiu:
1328 2194 1387 2244 tum
1406 2188 1495 2262 ipitur
1508 2189 1539 2242 in

361 2283 454 2342 dubiis
475 2285 558 2344 rebus
579 2296 663 2344 semet
682 2289 765 2360 iprae
786 2285 907 2361 lepionee
924 2286 1104 2358 adhortatae,
1126 2286 1264 2361 iupulatis
1279 2287 1317 2344 ab
1331 2285 1410 2344 berte
1424 2285 1538 2360 quibus-

360 2387 428 2444 dam
448 2386 569 2444 tribunis
590 2386 719 2457 militum,
742 2387 905 2462 interempto
924 2389 1069 2464 praesecto
1092 2396 1250 2446 emtrorunr
1267 2386 1478 2462 praefectisque
1491 2403 1538 2442 oo·

360 2486 491 2557 bertium,
511 2505 569 2544 non
589 2490 743 2546 incruentis
765 2487 972 2546 centurionibus
996 2496 1046 2547 cet.
1256 2500 1259 2508 ’

249 2585 304 2660 40)
337 2584 405 2645 Tae.
437 2605 504 2644 ann.
530 2589 560 2657 1,
581 2587 620 2644 31
652 2586 746 2663 (anno
765 2588 805 2646 11
820 2607 851 2662 p.
876 2588 906 2648 Ο.
930 2589 1052 2664 lepionee
1077 2587 1100 2644 I
1123 2586 1307 2658 Germanica,
1340 2587 1368 2646 V
1391 2585 1536 2659 Alaudae,

361 2687 431 2744 XX
449 2687 566 2746 Valeria
589 2691 706 2760 uictrie,
732 2687 815 2745 XXI
836 2706 931 2763 rapaa
956 2689 1056 2746 iisdem
1082 2691 1186 2746 caetris
1214 2690 1246 2746 in
1265 2687 1374 2762 finibus
1400 2685 1538 2745 Ubiorum

359 2787 534 2846 habebantur
549 2807 606 2864 per
626 2792 711 2847 otium
732 2805 767 2846 ae
782 2788 856 2846 leuia
869 2791 977 2846 munia.
1013 2787 1159 2846 Seditione
1173 2796 1271 2846 eaorta
1286 2790 1461 2846 venustiores
1476 2803 1536 2844 uer-

358 2889 469 2947 besum
490 2889 615 2948 mouent
631 2899 800 2964 partemque
814 2887 1013 2963 interfluunt).-
1031 2905 1089 2946 non
1103 2889 1232 2947 tribunus
1247 2886 1335 2956 ultra,
1355 2903 1413 2944 non
1427 2894 1537 2945 costro-

359 3007 422 3048 rnm
439 2991 602 3064 praesectam
622 2991 668 3046 ius
690 2989 821 3047 obtinuit.-
840 2989 968 3065 vigilias,
990 2993 1135 3059 stationes,
1157 2999 1184 3047 et
1203 2991 1231 3046 ri
1245 3005 1303 3063 pua
1316 2984 1381 3044 alio
1395 3004 1535 3062 praecem

358 3109 427 3148 aeus
449 3091 601 3161 indiceret,
623 3092 682 3164 ipsi
699 3090 911 3164 partiebantur.

247 3190 303 3265 41)
335 3189 421 3250 Pnuo
442 3191 509 3251 Iud
536 3191 602 3248 adu.
625 3189 764 3248 Flaccum
788 3190 809 3264 p
822 3189 863 3248 13
884 3187 933 3264 (p.
948 3189 1006 3249 381
1015 3188 1068 3258 Ρ.,·
1089 3188 1149 3247 533
1160 3187 1241 3265 M.).·
1267 3188 1382 3247 Bassus
1409 3189 1535 3247 centurio

355 3294 450 3364 sauine
472 3290 508 3348 ab
524 3291 698 3367 Imperatore
715 3289 790 3350 Gaio
812 3292 843 3347 in
857 3277 1017 3366 Aepyptum
1030 3291 1163 3360 mittitur,
1180 3297 1212 3346 ut
1221 3289 1396 3364 praesectum
1409 3285 1535 3363 Aepypti

358 3393 497 3451 Flaccum
506 3391 707 3468 prebenderet5
727 3408 789 3448 oum
802 3389 1012 3448 Alexandriam
1025 3392 1154 3458 uenisset,
1170 3380 1241 3455 μετὰ
1256 3389 1310 3443 reio
1324 3379 1399 3444 ἰδίων
1414 3378 1535 3448 ἀποβὰς

357 3525 399 3537 -
413 3528 451 3538 -
474 3481 646 3574 στρατιώτην
665 3484 729 3548 τινὰ
750 3491 806 3546 τῶν
826 3487 854 3545 ἓν
874 3489 933 3548 τοῖς
952 3480 1104 3570 τετραδίοις
1118 3476 1258 3562 φυλάκων
1271 3481 1345 3541 καθ’
1359 3479 1425 3541 iiio
1438 3479 1534 3564 stipulo,

355 3583 464 3651 noiatim
486 3584 624 3650 δεικνύναι
645 3584 695 3661 τὴν
716 3581 803 3647 σι’κιάν
816 3577 1012 3670 ττρατάρχου.
1044 3588 1127 3644 τοῦτο
1142 3579 1200 3667 γὰρ
1213 3575 1351 3648 ἕβούλιτι
1367 3577 1397 3640 ri
1413 3575 1533 3665 ἇντέρῥη-

356 3717 403 3752 τιν
422 3690 593 3771 ἀνενεγκεῖν,
611 3682 657 3749 ἵνα
677 3681 726 3749 καὶ
747 3680 782 3748 ἂν
804 3680 851 3767 bip
872 3681 1070 3772 πολυχειρίας,
1090 3678 1149 3764 ἔχῃ
1171 3679 1218 3744 τὸν
1236 3675 1504 3759 συναγωνιούμενον.
1597 3701 1599 3706 ’

201 3795 342 3855 Philonis
368 3786 556 3878 σιρατᾶρχιν
580 3795 619 3852 ab
644 3810 680 3851 eo
707 3793 759 3869 qui
785 3780 1043 3874 στρατοπεδάρχης
1062 3789 1163 3848 vocari
1191 3786 1269 3846 solet
1293 3805 1353 3845 non
1378 3785 1531 3844 diversum

202 3913 287 3968 esse,
310 3915 350 3955 ex
371 3897 409 3956 iis
432 3913 509 3973 quae
529 3895 610 3953 infra
629 3893 858 3969 disputabimus.
881 3889 1054 3968 apparebii3
1081 3889 1258 3967 plerumque
1279 3874 1465 3969 πραιιέρχην
1486 3883 1530 3943 in·

203 3997 349 4073 tellcgunt
369 3998 501 4075 legatum
521 3994 660 4073 legionis,
682 3993 783 4069 qualis
803 3993 836 4052 in
856 3993 997 4068 Aegypto
1019 3991 1140 4050 omnino
1162 4007 1222 4050 nou
1243 3997 1317 4046 erat.

245 4095 299 4171 42)
332 4097 399 4156 Tae.
426 4117 493 4156 ann.
515 4093 569 4168 12,
587 4096 627 4154 38
662 4093 751 4170 (auno
769 4094 809 4152 50
837 4096 867 4150 in
896 4090 1086 4167 Britannia).·
1113 4090 1291 4167 praesectum
1317 4095 1476 4147 carnorum
1503 4094 1531 4144 et

345 4187 531 4275 ¹lapionariae
558 4195 684 4255 cultorne
712 4195 889 4253 emirumdie
916 4194 997 4269 apud
1017 4191 1135 4252 Siluras
1155 4189 1313 4266 praesidiis
1333 4189 1450 4247 relictae
1472 4188 1530 4242 eir-

355 4300 542 4374 cumsandunt
562 4328 601 4341 -
623 4327 662 4340 -
687 4327 725 4339 -
744 4295 908 4370 praejectus
930 4302 1023 4352 tamen
1043 4301 1069 4352 et
1090 4301 1151 4351 aeto
1172 4293 1344 4349 centuriones
1364 4306 1399 4345 ac
1409 4305 1528 4362 promp-

355 4403 480 4459 tissimus
501 4401 621 4474 quicque
642 4413 657 4454 e
677 4395 832 4470 manipulis
854 4395 985 4455 cecidem.

243 4501 299 4577 13)
334 4500 400 4560 Tac.
416 4501 481 4558 bist.
499 4499 528 4570 2,
542 4497 582 4558 80
603 4495 754 4573 (Vitelliue
774 4495 869 4554 urbem
890 4490 1080 4570 inpreditur).·
1101 4499 1236 4566 quattuor
1257 4490 1396 4565 legionum
1410 4483 1527 4560 aquilae

348 4620 404 4678 per
417 4602 544 4675 frontem
566 4597 733 4674 totidemque
754 4600 832 4657 eirca
852 4614 867 4655 e
887 4593 1044 4671 lepionibus
1065 4593 1133 4650 aliie
1153 4590 1272 4660 cecilia,
1294 4605 1359 4647 mou
1380 4583 1526 4642 duodecim

352 4702 465 4760 aiamim
489 4703 574 4776 sipna
600 4731 638 4743 -
668 4729 706 4740 -
735 4706 802 4756 ante
827 4695 942 4771 aquiiae
964 4693 1106 4772 praejecti
1131 4700 1288 4751 caenomm
1316 4687 1475 4760 tribunique
1500 4693 1528 4742 et

350 4806 438 4880 primi
458 4802 647 4860 centurionum
666 4797 792 4857 eandida
812 4806 886 4856 uerte
906 4806 956 4855 cet.

241 4903 298 4979 44)
332 4903 398 4963 Tac.
422 4902 487 4962 bist.
511 4903 544 4973 1,
557 4901 601 4962 59
622 4898 712 4974 (anno
729 4895 802 4974 70).·
829 4896 917 4956 Drior
943 4896 1043 4956 ualida
1067 4911 1154 4953 manu
1175 4887 1363 4949 circumdatos
1384 4885 1525 4962 Aprippi·

351 5021 466 5074 neneee,
488 5011 678 5079 quantumque
698 4998 819 5060 militum
840 4997 921 5075 apud
939 4999 1114 5072 superiorein
1135 4991 1228 5052 libeni
1247 4992 1354 5067 ripam,
1377 4988 1407 5045 in
1428 4985 1525 5044 eadem
