3742 5826
584 569 881 625 onsnsvsnrosss
899 570 1017 624 amos.
1036 571 1101 623 vn.
1429 559 1499 631 141

176 752 299 804 ventum
324 742 355 802 in
383 758 442 801 uno
472 741 559 802 titulo
584 745 692 804 aetatis
718 742 925 803 Diocletianae
934 742 980 820 ¹);
1001 762 1079 802 ¹nam
1105 763 1172 804 cum
1201 746 1312 806 divisio
1338 747 1445 810 Italiae
1470 751 1503 812 in

176 846 329 905 dioeceses
352 843 428 903 duas
449 843 550 903 vicarii
570 843 651 902 ltalii
672 850 703 903 et
724 844 828 904 vicarii
851 845 933 904 urbis
949 845 1063 906 Romm
1084 845 1164 904 circa
1176 847 1259 907 ‘haec
1279 849 1348 925 ipsa
1368 860 1503 930 tempora

177 944 364 1024 coeperit2),
390 954 541 1004 corrector
565 945 618 1020 qui
643 945 805 1005 universae
823 946 930 1004 ltaliae
955 957 1111 1021 praeesset
1136 947 1193 1007 hoe
1214 957 1352 1027 respectu
1373 951 1504 1013 sortasse

177 1047 236 1106 dici
258 1046 356 1124 potuit
377 1053 487 1106 statum
507 1045 656 1122 corrigere
671 1046 777 1106 Italiae
799 1041 1004 1123 utriusque³).
1039 1049 1081 1105 At
1101 1049 1156 1108 sub
1177 1049 1215 1108 iis
1228 1050 1304 1126 ipsis
1319 1053 1504 1130 imperatori·

177 1149 235 1206 bus
257 1147 404 1223 incipiunt
424 1153 607 1205 correctores
628 1146 783 1223 regionum
804 1149 879 1206 certi
899 1157 930 1207 et
950 1147 1117 1226 indubitati,
1138 1150 1255 1210 scilicet
1269 1151 1376 1212 Italiae
1390 1154 1504 1215 Trans·

177 1246 354 1326 padanae⁴)
381 1247 472 1324 (quae
497 1247 581 1324 regio
609 1265 681 1306 mox
708 1265 776 1307 esse
797 1248 886 1307 desiit
906 1248 1003 1308 divisa
1022 1249 1054 1308 in
1068 1248 1225 1309 Venetiam
1247 1251 1454 1332 Histriamque
1474 1265 1504 1316 et

178 1347 334 1426 Liguriam
354 1347 502 1408 Aemiliae
529 1345 728 1424 adiunctam),
755 1349 826 1408 item
841 1349 987 1409 Venetiae
1013 1357 1043 1408 et
1064 1347 1255 1428 Histrise⁵),
1281 1354 1353 1413 item
1374 1354 1503 1435 Campa·

178 1448 303 1525 niae‘),
332 1457 364 1508 ιιι
391 1467 443 1508 eas
472 1448 556 1507 solas
584 1467 710 1526 ponam,
739 1468 814 1527 quas
842 1449 937 1509 titulis
964 1451 1030 1510 eius
1058 1452 1165 1513 aetatis
1194 1461 1318 1514 testatas
1347 1457 1504 1520 habemns.

178 1552 316 1628 Apparet
339 1550 433 1628 igitur
460 1548 540 1625 quod
563 1548 600 1607 de
621 1548 814 1608 Diocletiano
835 1551 1018 1628 collegisque
1038 1551 1103 1610 eius
1124 1553 1157 1610 in
1178 1554 1349 1615 universum
1370 1561 1506 1635 perhibet

178 1660 285 1710 auctor
305 1651 442 1728 aequalis
462 1648 634 1726 provincias
656 1651 694 1708 ab
714 1651 752 1709 iis
773 1650 805 1709 in
825 1651 922 1710 frusta
941 1653 1078 1712 concisas
1099 1670 1176 1725 esse,
1198 1654 1237 1713 ad
1252 1655 1370 1717 Italiam
1386 1679 1506 1738 quoque

179 1752 360 1830 pertinuisse
385 1757 416 1810 et
440 1751 519 1810 inter
544 1769 572 1809 a.
593 1750 653 1810 290
673 1759 703 1809 et
723 1751 783 1809 300
809 1769 866 1829 pro
891 1763 1060 1812 correctore
1085 1753 1177 1813 totins
1203 1755 1311 1818 Italiae
1336 1760 1387 1836 qni
1408 1762 1507 1822 iuerat

179 1870 233 1912 eos
255 1852 450 1912 substituisse
471 1859 652 1910 correctores
672 1852 828 1930 regionum
849 1852 924 1912 tales
945 1854 1018 1925 iere,
1038 1853 1144 1930 quales
1166 1855 1273 1916 deinde
1292 1873 1474 1922 manserunt.

335 1954 395 2026 20.
440 1949 601 2050 Legatos
617 1950 778 2049 Augusti
802 1977 872 2050 pro
895 1961 1067 2050 praetore
1082 1951 1294 2030 Pannoniae
1310 1957 1504 2035 inferioris.

263 2072 459 2150 Legationem
486 2073 563 2132 bunc
588 2093 607 2132 a
627 2070 765 2132 Casinati
790 2072 877 2130 titulo
903 2073 1018 2132 afuisse
1041 2071 1132 2132 videri
1158 2093 1251 2153 supra
1275 2097 1305 2154 p.
1323 2079 1379 2138 131
1403 2082 1506 2141 obser·

180 2174 328 2234 ravimus.
364 2172 446 2233 Puto
466 2174 504 2231 ad
525 2192 593 2233 eam
613 2173 763 2250 pertinere
783 2190 861 2249 quae
882 2173 986 2232 scribit
1006 2173 1132 2247 nicta,
1150 2175 1187 2233 13
1210 2177 1249 2235 ad
1269 2197 1297 2237 a.
1312 2198 1341 2255 p.
1357 2179 1429 2240 Chr.
1446 2181 1504 2242 217

181 2292 274 2353 agens
299 2275 337 2336 de
357 2275 507 2334 Macrino:
534 2265 710 2350 ἄλογώτατα
734 2263 857 2355 Mcipuu'v
882 2295 913 2330 rr
932 2266 1098 2357 Ἀγρίππαν
1124 2265 1254 2360 πρὸτερον
1278 2267 1327 2346 μὲν
1347 2279 1376 2340 ἐς
1397 2285 1508 2341 Παννο-

181 2371 255 2443 νιίιν,
276 2365 327 2433 εἶτ’
349 2375 378 2436 ἐς
397 2366 509 2433 Aunios
528 2363 762 2451 ἦγεμονεῦσαντα
782 2363 929 2444 ἔπεμψεν·
955 2367 1021 2434 rotie
1042 2368 1100 2456 γὰρ
1124 2364 1275 2456 ἄρχοντας
1295 2375 1390 2438 αὐτῶν
1411 2373 1456 2441 ro'v
1477 2407 1507 2441 τε

181 2469 311 2543 Σαβῖνσν
331 2465 379 2534 nui
399 2470 447 2535 rio
467 2477 605 2533 Karrivov
624 2464 704 2550 λα’γῳ
725 2463 773 2542 μὲν
795 2471 834 2535 sic
853 2463 902 2532 sal
922 2475 974 2544 τῆς
994 2467 1148 2536 συνουσίας
1168 2479 1254 2552 σφῶν
1275 2469 1413 2549 διέμενος,
1432 2476 1507 2566 ἔργῳ

182 2569 213 2636 δὲ
233 2567 266 2636 ro'
287 2600 318 2635 rr
339 2567 413 2634 rrius
435 2565 566 2660 φρᾶνημα
585 2565 634 2636 sai
655 2568 705 2645 τῆν
718 2566 817 2650 φιλιάν
831 2569 924 2634 αὐτῶν
939 2569 987 2646 τήν
1001 2569 1069 2654 arpis
1083 2571 1130 2634 riv
1143 2567 1333 2661 Καρᾶκαὶᾱιον
1346 2575 1508 2656 φοβηθιῖς,

261 2824 285 2889 ¹)
312 2825 501 2885 tentaturos,
516 2824 578 2874 517.
599 2823 661 2884 700,
676 2823 729 2873 215
749 2841 781 2864 =
796 2822 867 2872 Don.
881 2822 906 2885 5,
921 2822 957 2873 60
970 2841 1004 2865 --
1019 2822 1098 2875 Orell.
1113 2823 1161 2875 60:
1184 2821 1218 2875 L.
1238 2825 1313 2878 Aelio
1331 2824 1425 2880 Helvio
1443 2827 1508 2882 Dio-

183 2917 256 2982 nyeio
275 2932 297 2966 e.
315 2932 355 2977 aa,
378 2914 460 2965 indici
476 2929 607 2964 eumarum
625 2913 792 2978 obpositionem
810 2915 886 2964 totius
906 2910 1002 2975 Ores,
1025 2915 1145 2981 praesidi
1162 2913 1254 2982 Syriae
1273 2919 1351 2980 coele,
1373 2924 1512 2972 correctori
1623 2965 1626 2970 .

185 3009 291 3074 atr-imp.
303 3004 406 3067 Italiae,
427 3005 541 3056 curatori
557 3020 616 3071 aqna.
635 3011 659 3054 et
671 3001 800 3056 Minuciae
819 3012 867 3056 cet.
899 3005 940 3056 Oi.
960 3005 992 3055 de
1005 3020 1037 3056 eo
1050 3006 1154 3058 homine
1166 3007 1322 3074 Borgheaius
1341 3013 1441 3077 opp.3‚
1457 3016 1509 3064 106

185 3114 301 3166 quaeque
319 3097 442 3148 adnotari
460 3096 494 3148 ad
507 3098 566 3148 Vat.
584 3095 616 3146 ir.
630 3093 645 3158 ξ
658 3097 703 3146 11.
733 3096 884 3147 Praefectus
902 3097 960 3147 urbi
978 3097 1062 3147 lactus
1074 3104 1112 3147 est
1130 3112 1153 3148 a.
1168 3099 1230 3160 301,
1250 3108 1309 3150 ante
1322 3117 1399 3167 quem
1412 3117 1511 3155 correc-

185 3199 244 3242 tura
262 3190 363 3240 iunctus
382 3189 415 3240 ait
431 3201 535 3239 necesso
553 3192 600 3236 est.
614 3213 647 3224 —
668 3187 699 3236 In
719 3189 794 3238 titulo
813 3188 954 3238 Formiano
973 3187 1041 3237 lectu
1058 3188 1158 3238 difficili
1178 3191 1199 3239 1.
1212 3190 1247 3240 N.
1260 3192 1333 3242 4087
1348 3212 1382 3234 =
1394 3194 1511 3245 Henneni

187 3283 259 3334 6909
279 3295 344 3346 quae
363 3281 400 3330 sic
418 3281 509 3344 excepi
528 3284 544 3326 r
560 3268 734 3328 annulasti.
750 3283 879 3328 nrontst
893 3281 977 3326 cous
991 3282 1053 3325 νιιιι
1068 3281 1152 3326 cosa
1167 3283 1292 3327 cantare
1316 3298 1375 3332 cum
1392 3284 1510 3335 viderer.

185 3381 228 3423 tur
246 3372 374 3438 pertinere
397 3386 473 3437 posse
496 3371 530 3421 ad
552 3371 661 3422 eundem
686 3371 831 3432 hominem,
857 3369 910 3420 adii
933 3384 980 3435 per
1003 3369 1103 3419 litteras
1122 3371 1204 3419 virum
1223 3373 1345 3422 eximiam
1364 3373 1459 3424 Iulium
1478 3375 1511 3426 de

186 3465 277 3526 Petra,
301 3469 330 3512 ut
351 3477 411 3513 mea
433 3477 511 3513 causa
532 3462 647 3528 lapidem
670 3462 807 3526 diligenter
830 3461 1002 3521 examinares
1026 3461 1157 3524 rescripsit
1180 3460 1203 3510 is
1222 3476 1281 3512 rere
1305 3463 1333 3513 ln
1350 3464 1438 3528 lapido
1456 3480 1511 3516 esse

187 3541 272 3615 anti,
292 3561 322 3604 ut
339 3555 511 3616 conieceram,
531 3567 687 3619 praenomen
707 3559 793 3602 autem
811 3567 864 3602 non
886 3554 902 3596 l·
922 3565 977 3601 esse
996 3549 1087 3613 videri,
1107 3550 1153 3602 sed
1175 3556 1200 3598 Ρ.
1235 3553 1326 3618 Itaque
1345 3553 1459 3606 diversus
1478 3558 1513 3606 sit

187 3661 292 3698 necessa
310 3652 356 3696 eat.

264 3733 290 3799 ¹)
314 3735 383 3786 vida
408 3749 473 3799 quae
495 3735 629 3786 observari
653 3735 679 3784 in
705 3733 745 3784 ed.
772 3739 905 3784 auctorum
929 3733 1129 3797 gromatioomm
1155 3735 1186 3796 2,
1202 3734 1253 3784 198
1280 3741 1306 3784 et
1331 3736 1357 3785 in
1382 3738 1513 3788 memoriis

187 3828 247 3878 inst.
265 3827 335 3878 arch.
356 3828 381 3888 2,
397 3825 460 3876 316.
593 3817 594 3820 '
1095 3820 1098 3826 '
1358 3879 1365 3896 ·

264 3915 289 3980 ⁸)
316 3917 504 3982 Adquievimua
522 3915 606 3966 adhuc
625 3916 653 3966 in
672 3915 819 3966 conlectura
836 3914 985 3977 Maffelana,
1005 3927 1071 3979 quae
1089 3911 1180 3964 nititur
1197 3915 1272 3966 titulo
1290 3931 1352 3967 mox
1371 3917 1512 3970 adferendo

188 4015 347 4060 memorante
370 4013 534 4058 correctorem
555 4004 651 4056 Italiae
673 4003 888 4074 Transpadanus,
912 4012 1046 4071 utramque
1064 4005 1167 4057 Italiam
1190 4003 1330 4071 significari
1348 4009 1514 4074 Transpada-

188 4115 249 4150 num
271 4107 297 4150 et
319 4099 501 4163 Cispadanam.
539 4099 577 4148 At
601 4096 764 4162 Cispadanee
785 4097 878 4149 Italiae
902 4105 928 4148 et
952 4083 1103 4149 vocabulum
1128 4097 1271 4148 inauditnm
1294 4105 1334 4149 est
1351 4115 1434 4165 neque
1452 4101 1514 4152 insti

190 4192 253 4242 lines
272 4191 327 4240 eins
345 4191 391 4240 ulli
408 4190 458 4240 bac
477 4195 544 4240 carte
562 4195 646 4240 aetate
663 4189 773 4239 indicari
791 4196 907 4254 possunt.

265 4278 290 4343 Ι)
318 4281 351 4331 Τ.
376 4280 482 4331 Flavius
504 4279 651 4331 Postumius
670 4277 790 4330 Titianus
814 4285 877 4329 testa
901 4279 977 4330 titulo
1000 4278 1081 4330 Orell.
1102 4279 1173 4329 1134
1197 4285 1326 4329 corrector
1348 4280 1398 4330 fuit
1421 4282 1515 4332 Italiae

189 4371 404 4436 Transpadanus,
432 4371 492 4420 itam
515 4377 645 4422 corrector
662 4370 820 4434 Campaniae
840 4366 981 4436 ‘antequam
1003 4368 1083 4434 gessit
1103 4369 1264 4420 consulatum
1282 4371 1393 4420 alterum
1411 4371 1514 4421 ordina·

188 4463 257 4514 rium
275 4477 300 4513 a.
313 4463 376 4513 aot.

267 4551 291 4616 ⁵)
318 4554 412 4604 Istcine
430 4551 562 4602 Tertullus
584 4568 608 4602 o.
697 4567 764 4602 corr.
783 4547 865 4602 Venet.
889 4557 914 4601 et
931 4545 1071 4610 nessae]
1095 4547 1197 4599 Patavii
1219 4549 1321 4599 titulum
1339 4550 1372 4610 V,
1387 4550 1457 4598 2818
1479 4567 1514 4592 --·-

190 4644 272 4697 Orelli
287 4644 366 4724 1050.
377 4643 506 4694 dedicarit
522 4643 560 4694 n.
573 4643 640 4692 Aur.
653 4642 760 4693 Valerio
773 4642 943 4692 Maximiano.
974 4639 1068 4692 Eidem
1080 4637 1197 4687 Tertullo
1215 4638 1314 4702 positus
1332 4639 1420 4688 titulus
1438 4640 1515 4691 urba·

189 4751 238 4786 nus
256 4735 374 4786 Henzsni
392 4750 418 4784 n.
428 4733 503 4784 ’6176
521 4733 550 4782 in
568 4733 628 4783 loco
646 4732 696 4782 hnc
712 4731 823 4783 iaciente
841 4731 905 4780 hiat.

267 4823 292 4887 ⁸)
320 4825 427 4876 Praeter
439 4825 572 4875 Titianum
591 4821 654 4884 (not.
668 4822 695 4884 4)
715 4822 887 4873 nominandus
905 4826 945 4870 est
963 4819 993 4870 Ο.
1003 4819 1105 4868 Vettius
1119 4817 1252 4869 Cossinius
1264 4816 1373 4870 Rufinus
1391 4827 1517 4872 conetur

194 4913 361 4984 capasiae,
383 4921 510 4967 corrector
533 4912 640 4964 Tusciae
657 4909 828 4973 etUmbn'ae,
848 4917 975 4978 corrector
991 4905 1107 4960 Venetiae
1125 4914 1151 4958 et
1167 4902 1283 4957 nomae
1302 4907 1334 4969 (1.
1347 4909 1382 4960 N.
1395 4910 1468 4962 4be
1481 4929 1515 4954 =

192 5005 273 5072 Orell.
292 5008 375 5069 2235)
400 5013 539 5071 antequam
562 5005 646 5056 iactus
669 5010 708 5055 est
732 5004 875 5068 praelectus
896 5002 968 5052 urbis
985 5014 1010 5050 a.
1024 4999 1092 5062 315,
1118 5004 1144 5048 at
1162 4997 1319 5063 Campaniae
1337 4999 1441 5065 quidam
1460 5017 1516 5053 cor-

191 5104 277 5150 rector
300 5098 348 5150 eub
369 5098 519 5161 Maxentio,
547 5111 605 5148 cum
629 5109 661 5147 aa
683 5101 829 5146 correctura
853 5101 920 5146 teste
941 5091 1016 5142 titulo
1038 5090 1084 5141 illo
1108 5088 1278 5141 eumaem
1301 5089 1456 5158 urmaiden
1478 5093 1517 5144 ia-

189 5188 305 5240 canerit.
