3736 5822
910 550 1109 605 WILMANNS

504 729 570 787 dere
587 736 678 803 parat
699 725 828 798 castella,
849 726 967 800 sibique,
987 725 1066 801 quod
1084 723 1291 782 ualidissimum
1303 725 1333 780 in
1347 739 1382 780 ea
1396 725 1590 799 praefectura,
1612 741 1678 797 coq-

503 837 629 887 ncmento
650 827 808 886 Volandum
832 830 936 896 sumit,·
963 829 1076 883 minora
1101 822 1235 882 Cornelio
1263 823 1372 882 Flacco
1399 823 1493 900 leqato
1519 832 1545 884 et
1570 823 1678 882 Insteio

508 927 644 1004 Capitoni
663 937 821 986 castrorum
838 927 986 1002 prosimu
1007 925 1134 984 mandat.

350 1029 483 1090 Insteius
508 1028 586 1088 idem
614 1028 736 1104 estqui
763 1044 842 1086 anno
857 1027 896 1085 54
925 1025 1059 1086 centurio
1084 1027 1117 1085 in
1141 1025 1246 1084 eodem
1274 1025 1409 1083 exercita
1430 1033 1680 1084 commemoratur

352 1129 439 1206 (Tac.
462 1149 531 1189 nnn.
549 1130 597 1201 13,
613 1128 656 1204 9).

397 1230 449 1305 15)
482 1230 606 1290 Poenius
627 1229 788 1288 Postumus.
809 1259 847 1271 -
882 1228 947 1287 Tac.
970 1225 1153 1299 ann.14,37
1174 1225 1265 1300 (anno
1278 1227 1315 1285 61
1339 1230 1370 1285 in
1392 1226 1581 1303 Britannia).·
1608 1225 1677 1285 Poe·

503 1335 570 1390 nius
584 1331 734 1390 Postumus
753 1332 915 1406 praejectus
937 1337 1096 1387 castorum
1116 1327 1256 1386 secundas
1275 1328 1404 1402 leqionis,
1427 1331 1544 1402 coqnitis
1559 1336 1678 1402 quarta-

505 1433 723 1491 decumanorum
743 1432 1033 1505 vicesimanorumque
1050 1432 1199 1504 prosperis
1221 1429 1318 1498 reboo,
1345 1430 1415 1504 quia
1431 1432 1503 1502 pari
1520 1429 1617 1504 qloria
1640 1429 1678 1486 le-

504 1535 615 1607 qionem
646 1549 728 1591 ercam
752 1532 961 1606 fraudaverat,
996 1530 1189 1605 obrueratque
1216 1537 1316 1588 contra
1340 1531 1428 1586 ritum
1454 1529 1572 1586 militiae
1598 1532 1678 1586 iusso

506 1635 586 1692 ducis
608 1632 752 1707 (Suetonii
772 1631 901 1702 Paulini,
925 1631 1012 1706 leqoti
1027 1628 1222 1705 morineias),
1244 1646 1274 1688 se
1295 1633 1357 1705 ipss
1375 1629 1476 1704 qladio
1497 1634 1641 1706 manseqit.

398 1731 450 1808 16)
482 1733 577 1792 Iulius
601 1731 718 1792 (iratus.
733 1765 774 1774 -
804 1732 871 1790 Tae.
898 1731 963 1789 bist.
984 1732 1014 1801 2,
1028 1731 1069 1789 26
1090 1730 1179 1806 (anno
1194 1729 1233 1789 69
1253 1733 1285 1788 in
1302 1733 1496 1806 puqna‘inter
1510 1731 1678 1791 Vitellianae

504 1843 530 1892 et
552 1833 729 1895 Othonianos
754 1833 795 1890 ad
817 1833 981 1892 Oranonam
1001 1830 1180 1907 cmnmissa):
1210 1828 1334 1891 Caecina
1356 1830 1493 1907 (loqutus)
1514 1851 1572 1890 non
1593 1833 1680 1891 sirnul

504 1935 646 2006 cobortes,
680 1935 732 1992 sed
759 1933 889 2009 sinqulas
915 1935 1068 2003 acciumt,
1097 1949 1172 2008 quae
1198 1949 1245 1990 res
1270 1935 1301 1990 in
1324 1931 1437 2008 proelio
1464 1935 1677 2010 trepidationem

503 2039 594 2094 ausit.
617 2067 656 2078 -
677 2065 716 2076 -
738 2043 802 2092 orta
823 2043 849 2091 et
870 2037 899 2092 in
921 2036 1024 2092 castris
1046 2034 1157 2105 seditio,
1177 2033 1256 2107 quod
1273 2051 1329 2090 non
1350 2037 1478 2092 nniaemi
1497 2034 1679 2093 ducerentur:

502 2139 612 2194 uinctus
630 2136 792 2211 praesectum
814 2144 973 2193 castrorum
986 2133 1080 2192 Iulius
1096 2131 1214 2203 Gratus,
1236 2143 1372 2209 tanquam
1386 2135 1482 2207 fratri
1494 2135 1575 2212 apud
1592 2133 1680 2194 Olbo-

502 2254 565 2294 nem
586 2237 723 2294 militanti
739 2235 931 2310 proditionem
951 2242 1055 2310 aqeret.

397 2335 449 2411 lt)
481 2334 603 2412 Alfenus
628 2335 732 2394 Varus.
749 2367 787 2377 -
818 2334 885 2392 Tac.
908 2335 972 2393 bist.
995 2332 1025 2404 2,
1047 2332 1091 2393 29
1119 2333 1208 2409 (anno
1224 2333 1265 2392 69
1289 2337 1320 2391 in
1341 2337 1464 2393 renutu
1482 2334 1637 2394 Vitelliano
1658 2357 1678 2396 a

503 2435 597 2492 Fabio
617 2434 734 2493 Valente
760 2434 851 2509 leqato
876 2438 908 2492 in
932 2433 1053 2491 Italiam
1082 2433 1229 2510 aeduum.-
1254 2433 1378 2508 Altenue
1399 2435 1493 2494 Varus
1514 2441 1678 2513 praefectus

504 2546 673 2605 castrorum,
693 2536 870 2610 defloqrante
881 2534 1035 2610 paullatim
1052 2536 1198 2606 seditione,
1220 2536 1306 2595 addit
1319 2537 1475 2606 eonsilium,
1497 2539 1587 2597 setim
1603 2537 1680 2598 obirs

503 2636 620 2712 uigilias
649 2635 871 2706 centurionibus,
899 2638 1001 2694 amisso
1028 2636 1110 2694 tubae
1136 2653 1221 2707 sono,
1246 2653 1303 2711 quc
1327 2636 1408 2695 utiles
1432 2639 1475 2695 ad
1494 2637 1561 2696 belli
1580 2643 1678 2698 munia

505 2740 603 2796 cietur.
626 2740 714 2812 iqitur
729 2746 840 2812 torpere
858 2739 961 2806 cuncti,
983 2739 1215 2810 eirossesspeatare
1234 2740 1309 2798 inter
1321 2754 1352 2796 se
1364 2741 1478 2797 attoniti
1490 2746 1519 2797 et
1530 2739 1562 2800 id
1574 2743 1677 2815 ipsum,

504 2840 583 2913 quod
600 2855 678 2896 nana
699 2847 819 2913 reqeret,
838 2845 990 2913 parantes,
1013 2836 1138 2906 silentio,
1157 2839 1309 2912 patientia,
1328 2846 1472 2913 postremo
1488 2841 1622 2914 precibem
1642 2859 1679 2900 ae

505 2939 630 2997 lacrimis
650 2942 761 2996 ueniam
780 2937 964 3013 quaerebant.

350 3037 464 3098 Postea
484 3039 516 3098 in
537 3037 652 3115 proelio
665 3037 860 3098 Bedriacensi
880 3037 958 3096 idem
974 3037 1073 3096 Varus
1095 3037 1210 3096 auxilia
1224 3037 1341 3098 Batava
1358 3039 1481 3100 adducit
1501 3039 1588 3118 (Tac.
1610 3041 1679 3102 hist.

352 3135 382 3211 2,
397 3139 463 3215 4³),
484 3147 516 3198 et
536 3159 555 3198 a
569 3138 692 3198 Vitellio
712 3139 881 3216 praefectus
902 3138 1052 3216 prsetorio
1073 3145 1191 3196 arcetur
1212 3137 1300 3214 (Tac.
1322 3139 1392 3198 hist.
1408 3139 1438 3212 3,
1451 3139 1516 3215 36).

396 3237 449 3314 18)
482 3239 628 3300 Minucius
650 3241 757 3298 Iustus.
779 3269 818 3282 -
845 3239 912 3298 Tac.
935 3239 1000 3298 bist.
1020 3237 1084 3312 3‚7
1106 3237 1194 3316 (anno
1213 3238 1283 3315 69).·
1316 3239 1441 3315 Vulqata
1461 3245 1580 3300 motoria
1598 3252 1680 3319 post·

504 3359 589 3418 quam
605 3344 753 3418 principia
774 3341 841 3401 belli
861 3341 1014 3401 secundum
1034 3340 1196 3398 Flauianos
1218 3341 1289 3398 data
1312 3340 1433 3417 leqiones
1450 3341 1512 3401 VII
1532 3341 1679 3402 Galbiana

506 3441 597 3500 XIII
610 3441 730 3501 Gemina
750 3461 812 3500 cum
831 3441 918 3502 Vedio
932 3441 1042 3518 Aquila
1062 3440 1155 3516 leqato
1170 3439 1324 3500 Patauium
1345 3441 1459 3503 alacres
1479 3445 1602 3502 ueniunt.
1638 3444 1681 3503 ibi

500 3547 592 3619 pauci
610 3544 671 3601 dies
693 3543 734 3600 ad
753 3547 877 3618 requiem
897 3545 1003 3618 sumpti
1022 3552 1050 3600 et
1062 3541 1207 3601 Maurius
1222 3542 1321 3601 Iustius
1339 3545 1504 3618 praefectus
1521 3555 1679 3604 coemamus

505 3643 625 3718 leqionis
647 3643 720 3715 VII,
747 3647 798 3718 qui
822 3645 975 3702 adductius
998 3660 1085 3718 quam
1105 3643 1184 3701 cicili
1203 3642 1277 3702 bello
1298 3644 1492 3719 imperitabat,
1517 3645 1679 3705 subtrmtus

506 3743 627 3802 militum
648 3747 710 3802 uae
730 3743 771 3800 ad
790 3743 997 3818 Vespasianum
1016 3746 1120 3802 missus
1142 3753 1192 3804 est.

398 3842 451 3917 19)
486 3840 606 3902 Cassius
626 3841 756 3919 Lonqus.
775 3875 817 3886 -
852 3843 921 3907 Tac.
948 3843 1013 3901 bist.
1035 3842 1120 3915 3,1e
1147 3843 1237 3919 (anno
1258 3843 1333 3919 69).·
1359 3843 1529 3922 (Leqiones)
1553 3849 1635 3906 initio
1660 3865 1680 3906 a

507 3946 608 4019 quinta
636 3942 743 4019 leqione
768 3953 845 4015 orto,
871 3947 1004 4022 repositis
1027 3945 1136 4004 Vitellii
1156 3945 1325 4021 imaqinibus
1346 3947 1443 4006 cincla
1466 3947 1605 4008 &erinae
1624 3951 1680 4006 ini·

507 4046 599 4114 ciunt;
619 4043 743 4103 Fabium
765 4044 918 4104 Fabullum
939 4049 1054 4120 quintae
1075 4045 1193 4122 leqionis
1215 4046 1337 4122 leqatum
1357 4057 1384 4107 et
1400 4047 1530 4108 Cassium
1548 4047 1679 4126 Lonqum

503 4145 681 4220 praesectum
702 4155 859 4204 castrorum
880 4148 964 4205 duces
985 4147 1122 4223 deliqunt.

397 4239 452 4316 20)
487 4241 657 4302 Caetronius
679 4244 815 4304 Pisanus.
838 4279 878 4290 —
913 4247 983 4306 Tac.
1012 4248 1078 4307 bist.
1102 4248 1137 4319 t,
1155 4247 1199 4307 50
1221 4246 1310 4323 (anno
1333 4249 1398 4325 71).·
1426 4247 1528 4308 Festus
1554 4247 1680 4326 (leqatus

509 4343 626 4420 lsqionis
645 4344 703 4404 111
719 4347 880 4424 Auqustas)
901 4346 1057 4408 Adrumeto
1082 4379 1123 4393 -
1143 4379 1185 4392 -
1211 4350 1253 4409 ad
1278 4349 1412 4426 leqionsm
1435 4351 1576 4409 contendit
1591 4367 1681 4426 prae-

500 4446 663 4522 fectumque
683 4455 841 4507 castrorum
865 4447 1048 4509 Caetronium
1067 4450 1205 4510 Pisanum
1225 4452 1328 4510 uinciri
1348 4453 1441 4509 iussit.

398 4541 453 4619 21)
484 4542 633 4604 Litermius
656 4548 771 4608 biania
792 4579 833 4592 ·-
860 4551 999 4627 Iosepbus
1028 4549 1092 4608 bell.
1114 4551 1180 4608 lud.
1203 4551 1233 4624 6,
1250 4549 1315 4623 4,3
1336 4549 1556 4627 (Hierosolymis
1577 4570 1681 4628 eepuq·

507 4651 584 4706 matis
613 4649 762 4708 consilium
788 4661 921 4712 mactat
948 4650 1043 4727 Titus)
1068 4639 1118 4707 uui
1138 4640 1339 4708 τυνελθὲντων
1358 4639 1395 4732 ἓξ
1415 4653 1471 4708 rubr
1490 4643 1682 4734 κορυφαιοτά-

506 4770 571 4816 των,
591 4742 723 4834 Τιβερίου
744 4772 775 4807 τε
795 4743 990 4834 Ἀλεξάνδρου
1016 4753 1068 4808 τοῦ
1087 4742 1199 4810 πάντων
1220 4754 1275 4809 τῶν
1296 4743 1515 4836 στρατευμάτων
1535 4742 1682 4835 ἐπάρχον-

505 4871 571 4916 τος,
598 4841 646 4907 καὶ
672 4841 783 4932 Σέξτον
806 4845 957 4934 Κερεαλίου
984 4847 1015 4910 rb
1044 4843 1170 4920 πέμπτον
1195 4842 1319 4929 ἄγοντος
1345 4843 1464 4928 τάγμα,
1491 4843 1539 4910 rra}
1560 4844 1682 4936 Anqus'ou

505 4943 627 5007 Λεπίδου
656 4945 686 5007 rb
715 4942 846 5020 δέκατον,
874 4943 922 5010 καὶ
943 4945 1026 5011 Te'rou
1055 4945 1179 5038 Φρυγίου
1206 4948 1236 5012 ri
1258 4945 1524 5021 πεντεκαιδέκατον,
1552 4948 1621 5036 πρὸς
1643 4941 1683 5012 οἷς

506 5041 631 5132 Φρὸντων
652 5039 685 5121 {a
706 5043 850 5134 Λετὲρνιοε,
871 5044 1128 5137 στρατοπεδάρχης
1148 5057 1203 5114 ru'iu
1224 5050 1274 5113 ἄπ’
1294 5046 1514 5136 Ἀλεξανδρείας
1536 5045 1586 5111 bie
1608 5075 1684 5129 enp-

507 5141 616 5219 ua'roeu‚
641 5141 691 5209 ¹urm
713 5145 828 5238 Μάρκος
846 5145 994 5217 Ἀντώνιος
1013 5150 1166 5219 Ἰουλιανὸς
1186 5153 1200 5215 o‘
1222 5157 1272 5228 τῆς
1290 5148 1433 5218 ’laviniae
1452 5147 1612 5238 r’rm'rqarror,
1635 5143 1684 5212 real
