3736 5822
350 505 398 577 90
908 516 1108 570 wmuauus

347 704 469 756 evectus
497 703 553 753 eat.
597 691 687 766 Quod
708 698 808 750 autem
829 689 957 748 Alfenus
971 687 1073 748 Varus
1093 687 1137 764 (n.
1156 687 1208 763 17)
1231 694 1301 763 post
1321 685 1542 763 praefecturam
1563 695 1677 748 castro

348 815 414 854 rum
434 794 584 870 praetorio
605 791 772 870 praefectus
792 797 849 862 est,
871 790 950 848 idem
972 789 1094 865 saepius
1116 787 1226 848 factum
1248 804 1317 846 esse
1337 805 1496 864 perperam
1516 788 1586 849 inde
1605 807 1676 850 cou-

348 895 468 966 cludaa3
497 895 553 952 boc
578 893 659 952 enlm
685 891 813 966 tempori
837 891 940 966 potius
969 889 1212 965 indubitataeque
1236 887 1302 947 eius
1332 905 1405 964 erga
1424 887 1582 948 Vitellium
1607 890 1676 949 fidei

348 994 538 1054 tribuendum
567 1000 623 1052 est.
665 991 891 1062 Procuraturis,
921 1008 999 1066 quaa
1020 991 1077 1050 viri
1103 988 1235 1065 equestri
1256 988 1363 1048 militia
1383 988 1530 1066 perfuncti
1551 989 1677 1064 adipisci

348 1095 495 1168 solebant,
516 1112 668 1171 nunquam
689 1111 743 1154 eos
764 1099 887 1151 ornatos
908 1092 1090 1162 invenimus;
1113 1089 1194 1166 quod
1214 1097 1315 1148 antem
1337 1086 1373 1148 0.
1389 1086 1516 1148 Caesius
1531 1073 1677 1150 Silvester

347 1197 391 1272 (n.
414 1194 467 1272 25)
494 1204 615 1254 curator
642 1194 759 1254 viarum
784 1194 822 1252 ab
849 1191 1035 1269 Imperatore
1059 1190 1118 1250 Pio
1138 1189 1283 1249 Umbriae
1308 1197 1339 1246 et
1365 1189 1478 1248 Piceno
1499 1190 1592 1249 datus
1618 1200 1675 1262 est,

348 1313 434 1356 usum
461 1314 523 1354 non
550 1296 664 1366 turbat,
689 1294 743 1354 aed
766 1292 932 1353 confirmat
975 1289 1052 1365 Quia
1078 1291 1157 1350 enim
1182 1299 1258 1366 quot
1277 1291 1343 1348 vias
1364 1288 1500 1366 legiones
1521 1289 1675 1350 Romanae

348 1396 520 1473 aperuerint
545 1393 661 1456 nescit?
708 1392 931 1453 Vexillationea
958 1399 1057 1452 autem
1085 1391 1232 1451 eiusmodi
1259 1390 1398 1468 operibus
1426 1392 1557 1450 intentas
1585 1407 1676 1468 saepe

349 1496 456 1556 ductas
485 1513 552 1556 esse
579 1514 598 1555 a
624 1494 784 1571 praefectis
811 1502 993 1564 castrorum,
1021 1492 1100 1551 infra
1126 1492 1412 1564 demonstrabimua3
1441 1490 1558 1552 viarum
1585 1491 1676 1568 igitur

349 1596 576 1656 muniendarum
597 1596 672 1654 artis
693 1613 732 1654 ex
753 1595 823 1671 ipsa
842 1594 906 1654 sine
928 1592 1020 1652 dubio
1040 1591 1149 1652 militia
1166 1591 1301 1670 apprime
1313 1593 1427 1670 peritus
1441 1598 1506 1653 erat
1520 1589 1675 1654 Silvester.

349 1697 419 1758 Etsi
439 1705 539 1757 autem
559 1693 735 1773 plerumque
755 1695 894 1755 duriores
915 1694 1073 1769 minusque
1094 1693 1165 1752 culti
1185 1702 1285 1765 erant,
1309 1711 1401 1768 quam
1422 1692 1545 1752 iuvenes
1565 1692 1676 1751 tribuni

349 1817 386 1858 ac
412 1798 556 1874 praefecti
575 1795 742 1856 cohortium
763 1796 940 1871 alarumque
960 1781 1095 1853 homines
1115 1794 1209 1854 ferme
1229 1795 1443 1873 elegantiores,
1468 1793 1537 1868 ipsa
1555 1793 1600 1852 rei
1621 1794 1676 1852 mi·

346 1899 444 1958 lituris
466 1898 593 1958 scientia
614 1913 762 1955 summum
783 1896 828 1955 eis
849 1905 920 1972 post
938 1895 1070 1973 legatum
1091 1895 1220 1974 legionis
1240 1897 1342 1956 locum
1361 1895 1394 1953 in
1413 1892 1519 1954 castris
1537 1893 1676 1971 adsigna·

348 1999 410 2058 bat.
442 1997 491 2056 Ita
505 1996 637 2058 Corbulo
657 2015 736 2073 quae
756 1996 822 2072 ipse
843 2013 948 2074 gerere
969 2014 1029 2054 non
1050 2004 1151 2072 potest
1164 1993 1306 2056 Cornelio
1321 1995 1433 2055 flacco
1451 1995 1552 2070 legato
1572 2001 1604 2052 et
1623 1994 1674 2054 In·

348 2099 426 2158 ateio
441 2096 582 2175 Capitoni
597 2107 765 2157 casuornm
779 2097 931 2172 praefecto
945 2095 1068 2156 mandat
1081 2094 1125 2171 (n.
1140 2096 1204 2173 14),
1217 2114 1355 2174 annoque
1366 2095 1405 2156 69
1419 2097 1553 2174 legiones
1567 2098 1674 2158 vinclis

349 2198 497 2260 Caecinae
516 2199 669 2258 exercitus
691 2197 761 2257 duci
780 2197 899 2264 iniectis
920 2196 1049 2257 Fabium
1068 2196 1230 2256 Fabullum
1251 2196 1374 2272 quintae
1393 2199 1523 2277 legionis
1543 2199 1674 2276 legatum

348 2309 379 2358 et
398 2297 538 2359 Cassium
559 2297 696 2374 Longum
717 2298 900 2374 praefectum
921 2306 1088 2356 castrorum
1109 2297 1200 2358 duces
1222 2297 1502 2375 deligunt(n.19).

430 2399 497 2476 Ipsi
517 2399 589 2458 licet
609 2415 762 2473 nunquam
783 2397 851 2456 loco
873 2397 1025 2456 senatorio
1047 2398 1121 2470 sint,
1147 2399 1226 2458 filius
1248 2397 1504 2476 tamenvespaaii
1524 2399 1674 2459 Pollionis

349 2500 393 2574 (n.
418 2498 449 2574 l)
481 2497 626 2574 praefecti
656 2505 821 2556 castrorum
853 2506 1022 2573 praeturam
1054 2498 1181 2575 adeptus
1209 2506 1268 2572 eat,
1301 2499 1529 2578 insignibusque
1560 2500 1674 2560 ordinis

348 2598 497 2676 equestris
522 2598 687 2657 honoribus
715 2605 859 2658 ornantur
885 2616 952 2657 cum
979 2599 1012 2657 in
1038 2617 1071 2656 re
1097 2599 1221 2658 militari
1244 2608 1307 2659 tum
1333 2599 1365 2658 in
1391 2620 1425 2660 re
1452 2600 1543 2660 civili.
1585 2602 1674 2660 Acci-

348 2701 436 2777 piunt
459 2699 539 2758 euim
564 2705 595 2757 et
620 2699 701 2759 dona
725 2698 868 2757 militaria
892 2699 1008 2760 maiora
1033 2701 1136 2758 bastaa
1161 2717 1253 2775 puras
1279 2709 1309 2760 et
1329 2701 1482 2778 uexilla1)
1504 2701 1549 2778 (n.
1564 2700 1619 2778 34)
1644 2711 1675 2762 et

349 2799 518 2861 sacerdotia
537 2797 690 2875 equestria
710 2798 955 2875 splendidissima
976 2799 1114 2861 tubicinis
1135 2817 1289 2861 sacrorum
1311 2801 1415 2877 populi
1429 2801 1558 2864 Romani
1579 2803 1623 2879 (a.
1638 2805 1672 2882 8)

347 2900 601 2977 Laurentinmque
621 2897 812 2960 Larinatium
834 2900 878 2976 (n.
894 2899 958 2977 33).
1129 2884 1132 2890 ¹

432 2999 586 3062 Summum
613 3009 714 3060 autem
739 3001 818 3060 inter
843 3000 1010 3076 praefectos
1035 3011 1202 3061 castrorum
1226 3002 1326 3062 locum
1348 3003 1508 3064 verisimile
1529 3012 1578 3064 eat
1596 3004 1673 3063 obti·
1744 3015 1747 3021 “

348 3103 452 3161 nuisse
473 3100 641 3178 praefectos
668 3110 834 3161 castrorum
860 3101 1133 3179 Aegyptiacorum,
1161 3103 1234 3179 quin
1260 3110 1293 3161 ut
1318 3103 1508 3180 praefectura
1531 3105 1673 3181 Aegypti,

348 3209 476 3277 excepta
499 3201 686 3279 praefectura
708 3201 866 3277 praetorii,
895 3202 1044 3278 equestris
1064 3203 1160 3260 honor
1181 3221 1316 3262 summus
1337 3210 1397 3274 est,
1423 3205 1467 3264 ita
1486 3205 1673 3280 praefectura

348 3320 468 3380 quoque
492 3310 660 3364 castrorum
685 3302 833 3380 Aegypti,
858 3302 963 3362 eadem
983 3303 1172 3380 praefectura
1191 3304 1335 3378 praetorii
1354 3312 1496 3380 excepta,
1523 3306 1670 3366 bonorum

347 3404 519 3463 militarium
545 3401 663 3462 videtur
686 3403 774 3478 quasi
799 3403 915 3462 eulmen
941 3420 1022 3476 ease,
1054 3419 1130 3479 quos
1157 3403 1278 3479 quidem
1304 3424 1408 3483 gerere
1432 3405 1551 3484 possint
1577 3406 1671 3464 bomi-

346 3522 400 3564 nea
424 3503 538 3563 ordinis
563 3522 624 3562 non
650 3503 800 3562 senatorii.
843 3503 901 3563 Est
925 3504 1004 3562 enim
1030 3513 1134 3564 notum
1159 3505 1333 3582 Augustum
1358 3509 1432 3565 cuer
1455 3508 1518 3566 clio
1544 3507 1670 3566 miuo-

347 3608 431 3664 ts'ous'a
455 3623 566 3664 arcana
590 3607 750 3680 aeposmsse
768 3604 944 3680 Aegyptum,
965 3608 1076 3675 'cedda
1101 3608 1159 3664 uisi
1174 3609 1331 3682 pomaeo,
1357 3607 1470 3683 ingredi
1493 3609 1670 3668 sanatoribus

344 3717 397 3766 cat
421 3705 560 3782 equitibsa
579 3705 718 3764 Romania
742 3703 958 3780 illisatn'busi),
985 3704 1252 3766 administrandam
1278 3713 1379 3765 autem
1405 3707 1524 3768 dedisse
1550 3707 1602 3766 nni
1630 3727 1669 3768 ex

345 3805 508 3882 equitibus,
533 3803 587 3879 qni
612 3803 674 3862 fere
698 3804 758 3880 ipsi
779 3804 998 3864 addictissimus
1020 3813 1116 3878 esset,
1142 3825 1210 3868 cum
1230 3814 1392 3865 consuetae
1412 3807 1527 3868 formae
1547 3809 1669 3884 provin-

345 3905 422 3964 ciam
441 3904 541 3962 facere
555 3903 736 3980 Aegyptum,
756 3913 790 3964 ut
810 3905 882 3964 olim
898 3903 1012 3965 Caesar
1024 3913 1120 3984 pater,
1142 3906 1185 3965 ita
1198 3915 1349 3966 vereretur
1361 3917 1394 3967 et
1406 3908 1483 3983 ipse,
1505 3927 1540 3968 ue
1552 3910 1668 3985 quondo

344 4005 535 4063 ciolmdorem
556 4005 719 4081 praesidem
742 4014 828 4064 aceto
853 4025 990 4064 mucram
1013 4025 1107 4066 renum
1127 4011 1248 4066 materia
1269 4003 1388 4085 asoti).
1430 4007 1474 4068 Ut
1498 4009 1590 4086 igitur
1616 4009 1668 4086 qui

344 4104 530 4181 provinciae,
562 4105 605 4163 ita
635 4123 673 4163 ne
704 4105 874 4183 legionibus
906 4107 1028 4183 quidem
1060 4108 1112 4185 qni
1144 4117 1304 4184 praeerant
1329 4109 1363 4166 in
1387 4109 1527 4185 Aegypto
1556 4108 1669 4168 ordinis

345 4213 431 4263 eraut
450 4203 646 4281 aenatorii4),
673 4223 769 4281 nequa
790 4224 922 4283 unquam
943 4208 1061 4286 legatus
1083 4209 1172 4268 duxit
1191 4209 1340 4285 legionem
1361 4227 1438 4285 quae
1459 4209 1491 4268 in
1511 4211 1568 4269 bac
1588 4219 1668 4270 terra

344 4315 445 4364 casua
469 4303 600 4363 haberet
648 4305 725 4364 Eius
758 4315 858 4367 autem
891 4308 991 4367 locum
1022 4309 1092 4385 quis
1125 4311 1254 4369 tenuerit
1283 4309 1443 4370 edocemur
1468 4311 1666 4387 inscriptione

343 4423 439 4482 nuper
463 4413 582 4481 reperta
602 4404 645 4481 (n.
661 4403 732 4482 24),
759 4424 820 4482 qna
844 4408 949 4468 eodem
975 4409 1062 4468 modo
1090 4410 1232 4487 locoque,
1262 4429 1322 4487 qno
1350 4410 1418 4471 aliis
1445 4412 1476 4470 in
1502 4411 1666 4488 provinciis

419 4671 443 4735 ¹)
471 4673 539 4724 Nam
557 4673 619 4726 Sex.
633 4674 725 4725 Vibius
739 4675 830 4728 Gallus
849 4683 894 4726 aut
911 4676 1077 4741 manipularis
1095 4684 1141 4727 aut
1158 4678 1274 4729 centurio
1292 4680 1422 4744 accepisse
1440 4677 1541 4729 videtur
1560 4685 1665 4744 torques

342 4763 455 4814 mmillaa
478 4762 597 4828 pbaleraa
619 4771 718 4828 partem
740 4780 907 4829 coronarum,
932 4767 1076 4832 praefectus
1098 4775 1239 4820 castorum
1263 4769 1351 4822 hastas
1373 4784 1451 4835 pnraa
1471 4770 1499 4820 11
1523 4770 1619 4820 vexilla
1637 4770 1665 4820 11

341 4854 454 4919 reliquas
471 4867 588 4904 coronae.

417 4940 443 5004 ³>
470 4943 533 4994 Tac.
551 4958 612 4994 ann.
632 4947 657 5007 2,
672 4945 715 4996 59.

417 5030 442 5094 ⁸)
469 5033 679 5086 Sust.dlv.1ul.
699 5035 743 5086 ³5.

417 5121 443 5183 ⁴)
471 5123 534 5176 Tac.
552 5123 611 5174 bist.
632 5126 714 5183 1,11.
