3742 5826
702 564 751 614 uu
771 565 917 620 rruvms
936 537 1092 621 ermom.
1489 561 1558 634 115

231 661 1559 694 Ἣ

129 741 134 750 ’
232 731 292 790 sibi
314 731 434 790 ridetur
456 731 632 790 certissimis
654 734 849 808 argumentis,
871 734 935 793 lieri
957 755 1016 796 non
1037 757 1137 816 posse,
1160 750 1192 801 ut
1206 755 1275 804 oute
1288 745 1418 810 Neronis
1433 761 1561 816 aetnam

231 832 336 892 titulus
357 831 545 909 compositus
567 833 617 890 sit.
659 833 696 891 Iu
718 832 882 894 Philistore
903 837 981 896 enim
1002 840 1062 898 vol.
1076 840 1122 899 IV
1143 861 1173 920 p.
1190 845 1248 904 333
1271 848 1376 910 titulus
1397 863 1445 913 est
1463 853 1560 918 Thra·

232 933 311 1010 syllo
338 933 481 991 archonte
509 933 708 1010 compositus,
736 953 824 1011 quem
846 953 925 994 anuo
946 936 982 996 61
1000 957 1029 1014 p.
1046 938 1117 1000 Ghr.
1139 961 1176 1000 eo
1196 964 1319 1006 munere
1339 950 1471 1016 sunctum
1491 976 1559 1020 esse

231 1034 369 1110 Phlegon
394 1033 432 1092 de
458 1033 524 1092 mir.
550 1051 576 1094 c.
593 1033 632 1092 20
660 1034 758 1093 tradit.
801 1034 895 1094 Recte
920 1037 1012 1114 igitur
1037 1039 1344 1109 Neubaueros'hunc
1369 1054 1486 1118 titulum
1513 1061 1559 1120 illi

231 1153 310 1194 auno
324 1135 437 1205 tribuit,
460 1153 549 1211 quem
563 1152 620 1212 ego
643 1133 785 1211 (Hermes
799 1136 815 1194 1
829 1155 859 1212 p.
871 1136 947 1212 418)
969 1139 1046 1198 iuter
1059 1140 1189 1204 Neronis
1201 1147 1392 1225 adoptionem
1406 1165 1437 1215 et
1451 1156 1560 1222 Claudi

119 1295 125 1306 ,
232 1244 358 1294 mortem
372 1235 517 1313 scriptum
532 1244 704 1295 statueram.
739 1236 842 1295 Motus
861 1255 943 1296 eram
957 1239 1012 1312 eis,
1033 1258 1110 1316 quae
1123 1243 1209 1304 initio
1223 1249 1336 1326 scripta
1347 1263 1417 1314 sunt
1434 1253 1560 1340 Ἀγοθῇ

231 1327 310 1412 τύχη
332 1327 477 1393 Klaudiou
499 1327 644 1419 Καέταρος
664 1328 827 1400 Eridanus*
845 1341 1016 1418 Γερμανικοῦ
1042 1334 1138 1412 νεέκης.
1185 1344 1271 1420 Quae
1293 1355 1439 1415 vocabula
1465 1362 1491 1419 si
1517 1363 1560 1424 ita

233 1436 346 1513 scripta
371 1445 473 1496 esseut
499 1437 530 1494 iu
551 1437 666 1515 lapide,
695 1445 817 1515 propter
842 1439 985 1498 omissum
1012 1459 1193 1516 praenomen
1214 1465 1275 1508 uon
1295 1463 1421 1527 possent
1441 1460 1500 1519 nisi
1521 1463 1560 1522 ad

233 1535 393 1596 Claudium
415 1537 529 1610 referri,
551 1555 645 1614 quare
662 1537 694 1596 iu
708 1538 753 1597 eia
769 1537 980 1600 Neubauerum
995 1558 1054 1600 nou
1069 1543 1229 1606 offendisse
1243 1551 1345 1612 miror.
1381 1553 1441 1616 Sed
1455 1559 1559 1622 Koeh.

231 1637 288 1696 leri
309 1638 525 1715 apographum,
547 1639 628 1714 quod
649 1639 756 1712 habeo,
778 1649 847 1699 aute
861 1633 1005 1698 Κλαυδίου
1028 1643 1146 1703 circiter
1166 1665 1273 1709 novem
1290 1651 1406 1715 litteras
1421 1665 1559 1724 consulto

232 1738 345 1796 deletas
371 1755 438 1797 esse
463 1738 589 1811 indicat,
616 1739 719 1815 ibique
740 1731 860 1823 Νέρωνος
884 1759 1050 1817 pronomen
1076 1746 1221 1821 scriptum
1246 1749 1337 1814 fuerit
1360 1775 1484 1820 necesse
1504 1775 1558 1825 est

233 1835 313 1899 Saue
335 1840 398 1897 v.3
420 1829 540 1921 Νέρωνος
562 1848 712 1900 servamm
733 1847 789 1912 est,
813 1840 856 1899 ita
876 1851 907 1900 ut
929 1843 955 1902 is
977 1845 1031 1918 qui
1051 1845 1127 1905 illud
1148 1848 1268 1923 delerit,
1289 1854 1345 1913 hoc
1367 1875 1427 1918 uon
1448 1863 1560 1926 vidisse

232 1938 377 1998 videatur.
420 1939 457 1998 In
484 1940 542 1998 hoc
567 1940 660 2017 igitur
687 1941 775 2000 titulo
796 1941 844 2000 Ti.
868 1939 1012 2002 Claudius
1038 1944 1156 2006 Novius
1183 1951 1304 2023 quidam
1331 1950 1491 2038 στρατηγές
1515 1956 1559 2023 e’ni

232 2033 299 2100 τούς
324 2031 457 2100 ὅπλοέτας
481 2034 511 2096 ri
534 2027 637 2116 ὄγδοον
664 2040 781 2100 dicitur.
825 2041 909 2100 Idem
934 2061 1005 2101 vero
1033 2046 1064 2103 in
1089 2046 1284 2126 inscriptione
1309 2057 1389 2130 apud
1415 2059 1559 2125 Rossium

233 2140 271 2198 de
297 2140 393 2199 demis
420 2161 451 2200 n.
469 2141 525 2208 141
555 2135 715 2222 στρατηγὸς
741 2131 786 2198 r’rri
812 2135 878 2200 roric
900 2134 1031 2204 έτλοέτας
1057 2154 1191 2221 vocatur,
1218 2169 1279 2211 nou
1305 2155 1408 2216 addito
1435 2181 1560 2224 numero

234 2241 420 2300 iterationem
450 2241 610 2300 indicante.
660 2240 761 2316 Quare
790 2259 857 2301 cum
886 2242 1048 2304 verisimile
1073 2247 1128 2318 sit,
1158 2249 1238 2310 hunc
1267 2253 1386 2316 titulum
1414 2277 1450 2319 eo
1479 2281 1559 2326 anno

233 2342 432 2420 compositum
459 2360 541 2414 esse,
568 2360 630 2418 quo
650 2342 701 2400 ille
719 2345 845 2419 primum
865 2351 987 2419 praetor
1007 2346 1154 2424 fuerit1),
1183 2369 1311 2428 cumque
1330 2357 1392 2417 iam
1411 2367 1561 2442 magnitu.

233 2442 302 2502 diuc
326 2445 443 2503 numeri
463 2443 620 2520 probabile
642 2442 709 2515 fiat,
734 2462 794 2502 nou
816 2443 996 2504 intermissis
1017 2449 1196 2522 quibusdam
1217 2454 1318 2528 annis,
1346 2459 1560 2544 seddeinceps

234 2544 349 2602 octiens
371 2563 439 2603 eum
461 2552 602 2621 praetura
622 2544 754 2603 functum
777 2563 859 2617 esse,
882 2547 986 2606 titulus
1008 2547 1175 2610 Rossianus
1197 2552 1235 2609 ad
1256 2571 1368 2616 aunum
1388 2561 1429 2620 54
1441 2583 1472 2640 p.
1488 2564 1560 2627 (thr.

232 2644 406 2704 referendus
428 2645 553 2714 videtur.
595 2646 633 2704 In
654 2645 712 2704 hoc
733 2645 822 2704 titulo
843 2647 935 2724 igitur
962 2639 1151 2723 ἀγωνοθέτης
1170 2653 1301 2734 πρῶτος
1322 2650 1377 2716 τὀῖν
1397 2655 1562 2728 Eetion-rme

233 2736 354 2821 ἇγοένων
378 2756 435 2805 est.
479 2744 580 2819 Quare
606 2765 674 2806 curn
699 2745 774 2804 illud
800 2747 988 2823 plebiscitum
1010 2743 1196 2824 ἀγωνοθέτην
1217 2755 1272 2810 τοῖν
1293 2750 1458 2823 §alienato
1479 2758 1560 2843 ᾰηώ.

234 2868 285 2904 νων
307 2846 430 2916 habeat,
451 2864 575 2906 necesse
596 2856 645 2906 est
664 2847 811 2905 recentius
835 2847 875 2906 sit
895 2865 974 2906 auno
990 2848 1030 2908 54
1044 2869 1074 2925 p.
1091 2847 1177 2924 cha,
1198 2851 1258 2928 qu'o
1279 2849 1429 2921 Σοβωποέ
1449 2860 1562 2941 ἀγῶνες

233 2946 386 3023 primum
412 2946 552 3006 celebrati
580 2948 649 3006 sint.
694 2945 779 3020 Quae
805 2949 882 3007 ratio
908 2949 997 3025 plane
1022 2957 1104 3009 certa
1129 2959 1160 3010 et
1181 2972 1252 3012 vera
1277 2966 1372 3030 esset,
1401 2962 1560 3028 dummodo

235 3047 382 3105 vocabula
407 3037 593 3124 ἀγωνοθέτης
620 3045 729 3130 πρῶτος
755 3049 787 3106 id
815 3049 1020 3126 significarent
1046 3052 1126 3127 quod
1154 3052 1354 3118 Neubauerus
1382 3063 1457 3123 vult.
1500 3065 1562 3128 Sed

234 3165 272 3205 ea
292 3165 353 3206 uon
375 3155 434 3206 tam
456 3156 589 3226 tempore
609 3147 749 3225 primum,
770 3148 822 3224 qui
843 3151 1039 3227 agonothesia
1058 3152 1178 3212 iunctus
1197 3155 1247 3227 sit,
1269 3157 1448 3236 significant,
1470 3185 1559 3242 quarn

235 3267 301 3306 eum
324 3249 376 3325 qui
397 3249 429 3306 iu
450 3248 648 3326 complurium
669 3249 915 3326 agonothetarum
937 3249 1064 3328 collegio
1086 3251 1230 3327 dignitate
1245 3257 1385 3336 princeps
1400 3264 1448 3322 sit.
1480 3267 1561 3327 Nam

235 3349 412 3408 vocabulum
441 3350 522 3426 quod
548 3359 595 3408 est
620 3351 727 3432 πρῶτος
753 3349 809 3408 hac
837 3350 866 3406 vi
895 3367 1049 3408 munerum
1077 3351 1265 3427 publicorum
1293 3361 1464 3422 nominibus
1492 3367 1564 3426 addi

235 3467 410 3522 consuesse,
432 3450 484 3507 vix
505 3459 552 3508 est
572 3449 654 3524 quod
674 3449 823 3526 exemplis
845 3449 946 3508 allatis
967 3450 1100 3526 probem.
1138 3453 1190 3510 Ad
1211 3454 1330 3516 titulum
1347 3461 1563 3536 Aphrodisien-

236 3568 299 3610 sem
315 3548 350 3610 C.
364 3551 390 3610 1.
407 3549 488 3609 2800
510 3551 569 3608 iem
584 3549 758 3609 Boeclrhius
778 3557 858 3608 recte
877 3549 1032 3608 adnotavit
1055 3553 1182 3633 ,aprime
1196 3550 1326 3614 νοωποιδς
1347 3569 1402 3631 cst,
1424 3563 1477 3637 qui
1492 3565 1564 3624 alibi

235 3643 442 3734 ἆρχενεωποοές
468 3651 621 3710 vocatnr“.
664 3650 765 3708 Etiam
791 3651 890 3709 minus
918 3650 1048 3709 dubitari
1075 3658 1174 3728 potest
1200 3652 1235 3714 O.
1256 3655 1280 3715 I.
1301 3657 1379 3716 3461
1404 3660 1563 3742 ττρατηγόν

235 3752 343 3832 πρῶτον
366 3743 426 3812 tir.
460 3751 558 3810 Porro
579 3752 610 3810 in
631 3751 669 3811 iis
692 3751 872 3824 civitatibus,
894 3751 944 3809 ubi
964 3751 1133 3826 complures
1155 3743 1297 3836 οέρχοντος
1312 3758 1366 3816 toti
1380 3762 1563 3837 reipublicae

236 3863 390 3928 praesunt,
413 3853 521 3933 πρῶτος
541 3840 645 3933 ἅρχων
666 3858 923 3923 commemoratur,
945 3851 1037 3910 veluti
1059 3851 1094 3914 C.
1109 3853 1135 3912 1.
1150 3855 1230 3914 3407
1253 3856 1440 3937 (Magnesiae
1460 3863 1501 3922 ad
1519 3863 1565 3926 si.

237 3952 365 4029 pylum).
408 3952 507 4031 Magis
529 3953 636 4011 mirum
658 3961 705 4010 eet
726 3952 807 4029 quod
830 3949 863 4011 0.
880 3953 905 4010 Ι.
922 3951 1025 4011 222ib
1045 3953 1134 4013 etiam
1157 3949 1397 4038 στρατηγήσαντα
1415 3956 1453 4018 ati
1475 3967 1564 4046 πρῶ-

236 4074 294 4110 τον
320 4053 379 4110 hac
405 4055 553 4112 sententia
579 4053 701 4125 dicitur;
729 4070 765 4112 ac
791 4060 892 4112 tamen
919 4052 956 4111 dc
983 4072 1019 4112 ea
1043 4073 1076 4111 re
1098 4054 1228 4115 dubitari
1249 4060 1361 4136 nequit.
1403 4061 1484 4123 Nam
1504 4084 1565 4125 uon

237 4171 304 4212 eam
325 4153 414 4212 huius
436 4155 629 4214 additamenti
644 4154 706 4213 vim
720 4170 801 4226 esse,
823 4163 857 4212 ut
869 4160 1039 4231 opponatur
1056 4155 1100 4214 eis
1115 4173 1192 4232 quae
1206 4157 1276 4217 alibi
1289 4160 1439 4221 adduntur
1453 4159 1483 4220 τέ
1498 4156 1565 4222 deri.

237 4275 325 4336 τερον,
349 4248 381 4310 τέ
408 4247 496 4336 τρίτον
522 4261 593 4326 etc,
619 4255 678 4314 iam
705 4254 774 4313 iude
799 4260 895 4329 patet,
920 4253 1002 4330 quod
1026 4255 1125 4330 isqui
1152 4258 1283 4318 nondum
1309 4261 1416 4321 iterum
1442 4283 1565 4324 munere

237 4355 357 4412 iunctus
385 4362 448 4426 est,
477 4365 556 4414 recte
582 4354 690 4414 dicitur
711 4353 838 4425 semel,
865 4370 924 4410 uon
947 4355 1097 4429 primurn
1123 4354 1241 4416 functus
1262 4376 1338 4417 esse.
1382 4362 1423 4418 Et
1443 4365 1564 4422 omuino

238 4454 269 4512 id
290 4471 375 4513 nemo
397 4454 428 4512 in
450 4455 535 4513 titulo
557 4454 718 4513 honorario
739 4452 837 4526 addet,
859 4471 927 4511 cum
948 4453 1004 4511 illa
1024 4452 1156 4527 (iterum,
1178 4456 1313 4532 tertium)
1334 4471 1457 4535 propter
1471 4462 1565 4522 hono-

238 4573 301 4614 rem
326 4573 394 4614 eum
420 4555 472 4631 qui
497 4555 655 4614 iteratione
681 4554 813 4614 eiusdem
839 4553 1034 4629 magistratus
1060 4553 1228 4612 continetur
1253 4556 1324 4614 addi
1350 4558 1476 4618 soleant.
1522 4561 1566 4622 Ut

238 4655 330 4732 igitur
351 4656 382 4714 in
404 4655 474 4714 aliis
495 4657 682 4728 muneribus,
708 4655 752 4713 ita
772 4654 863 4713 etiam
884 4655 915 4711 iu
937 4653 1133 4731 agonothesia
1154 4654 1181 4713 is
1204 4656 1342 4716 vocabuli
1364 4660 1470 4740 πρῶτος
1492 4678 1565 4720 usus

239 4755 328 4816 vaiet.
372 4754 451 4816 (3.1.
473 4755 553 4816 2007
580 4759 687 4841 πρῶτον
714 4747 744 4815 δὲ
765 4745 951 4830 ἀγωνοθέτην
971 4755 1021 4824 τῆς
1042 4738 1176 4837 ἓνρραέων
1197 4745 1307 4818 πέλτας
1330 4758 1374 4816 ita
1398 4758 1566 4837 intelligen-

239 4856 310 4915 dum
342 4863 388 4916 est
417 4864 579 4934 propterea
605 4856 686 4933 quod
714 4873 775 4914 uon
807 4856 897 4914 unius
925 4853 993 4913 sesti
1024 4855 1205 4931 agonotheta
1232 4866 1291 4929 est,
1323 4856 1376 4916 sed
1402 4868 1565 4937 perpetuus

239 4957 321 5016 urbis
349 4957 552 5035 magistratus.
594 4957 680 5018 Idem
706 4957 769 5017 fere
796 4956 877 5015 valet
903 4954 940 5014 de
968 4955 1123 5016 vocabulis
1148 4945 1212 5013 Ἐπὶ
1240 4947 1425 5034 ἀγωνοθέτου
1455 4951 1565 5044 πρώτου

318 5179 341 5240 ¹)
370 5181 402 5231 In
422 5181 498 5232 tertio
517 5181 591 5232 titulo
611 5194 669 5247 στρ.
690 5175 709 5226 ἒ.
730 5197 752 5227 τ.
774 5168 787 5225 o‘
805 5165 834 5226 τέ
854 5174 869 5226 δ
888 5173 1024 5247 (τέταρτον)
1044 5178 1138 5230 dicitur
1157 5173 1231 5246 (lto.
1253 5169 1317 5250 οἶρχ.
1338 5181 1429 5241 3725).

1320 5267 1360 5325 8*
