3712 5838
716 579 929 632 PACIVOLVS.

289 804 312 862 P.

247 957 363 1033 Questa
383 958 491 1018 lettera
513 957 569 1016 .P.
593 957 619 1015 ei
640 975 716 1016 caua
736 956 785 1015 del
805 958 897 1016 tendo
919 976 936 1016 e
955 956 1005 1016 del
1019 975 1074 1017 eno
1089 959 1214 1038 quadro,
1245 961 1292 1023 La
1314 983 1370 1026 sna
1384 975 1492 1046 gamba

163 1078 273 1140 grosse
294 1060 344 1118 nol
365 1077 449 1118 esser
471 1058 507 1116 de
528 1057 656 1117 lenone
670 1057 749 1134 parti
768 1057 850 1130 luna,
869 1058 900 1116 ln
913 1059 1010 1118 forma
1030 1059 1079 1119 del
1092 1061 1185 1120 tondo
1206 1064 1256 1122 nol
1277 1083 1361 1127 esser
1380 1075 1493 1149 grande

164 1181 279 1221 nomme
306 1161 408 1238 quella
428 1159 478 1218 del
500 1159 554 1217 .B.
576 1158 616 1216 dn
636 1159 742 1230 besso,
764 1179 782 1218 e
807 1160 839 1216 la
860 1178 915 1219 sua
937 1177 1080 1236 groseezn
1099 1162 1136 1220 de
1158 1163 1188 1222 ln
1208 1167 1316 1241 pendia
1336 1171 1388 1229 nol
1410 1191 1494 1234 esser

163 1271 248 1322 tanto
270 1269 382 1338 quanto
403 1261 433 1319 la
453 1261 562 1336 gambn
576 1276 683 1336 grossa
704 1279 721 1318 e
742 1259 768 1319 si
783 1259 835 1318 nol
856 1260 1018 1338 prineipinr
1039 1262 1115 1320 dittn
1128 1263 1234 1324 lettera
1255 1268 1341 1329 dale
1363 1275 1493 1336 eroeiere

164 1364 214 1422 del
242 1363 333 1422 tondo
359 1361 472 1440 grande
496 1362 561 1420 eioe
590 1361 629 1420 dn
655 1359 684 1420 le
711 1360 932 1420 interseentioni
959 1361 996 1420 de
1023 1363 1044 1420 li
1071 1363 1208 1423 diametri
1231 1367 1257 1425 dr
1284 1370 1329 1428 sie
1349 1375 1407 1432 erit
1427 1395 1492 1454 per-

164 1464 338 1524 deotissime.

291 1635 351 1710 Q.

251 1788 367 1863 Queetn
380 1788 475 1848 letern
496 1785 555 1861 .Q.
578 1805 692 1847 comme
706 1785 917 1863 dieoprndissi
939 1803 972 1845 se
986 1805 1060 1847 cana
1074 1788 1122 1847 del
1144 1788 1203 1849 .0.
1231 1795 1418 1857 terminando
1440 1818 1496 1861 sna

168 1891 277 1968 gembn
294 1899 339 1948 tre
353 1897 429 1949 teste
443 1890 480 1948 de
495 1907 552 1947 eun
572 1889 686 1947 nltezza
701 1895 781 1946 sotto
803 1887 831 1946 el
846 1886 990 1963 quadrato
1012 1889 1076 1946 eioe
1102 1888 1139 1948 de
1159 1891 1189 1950 le
1209 1909 1287 1952 noue
1307 1898 1385 1970 parti
1408 1901 1437 1960 le
1451 1912 1495 1961 tre

169 1992 218 2051 del
240 2009 295 2051 sno
317 1990 464 2067 quadrato
486 2008 578 2048 onero
601 1973 745 2048 dinmetro
768 1987 816 2046 del
838 2005 892 2046 eno
913 1988 1006 2047 tondo
1027 2007 1143 2050 comme
1165 1993 1216 2066 qui
1238 2011 1349 2070 appare
1372 2017 1496 2076 propor.

170 2094 293 2164 tionnta,
316 2092 467 2172 guidnndo
489 2091 517 2148 le
538 2108 633 2166 peuce
648 2107 753 2168 grosse
774 2107 791 2147 e
813 2105 867 2147 sue
882 2088 964 2146 sutili
986 2091 1124 2167 opposite
1146 2101 1288 2168 eponcto
1310 2114 1424 2159 comme
1447 2100 1496 2160 del

169 2192 229 2253 .0.
251 2193 282 2253 fo
305 2193 393 2251 dicto.
429 2193 456 2250 E
471 2191 501 2250 ln
516 2210 571 2251 sua
584 2191 694 2269 gamba
709 2189 760 2249 nol
781 2207 864 2248 esser
881 2189 974 2267 longa
995 2208 1073 2248 none
1088 2199 1164 2250 teste
1178 2192 1243 2252 eioe
1258 2204 1369 2270 quanto
1391 2199 1418 2258 el
1441 2219 1496 2260 suo

170 2294 316 2372 quadrato
338 2292 542 2371 areetangulo,
571 2311 587 2350 e
609 2292 640 2350 la
660 2291 720 2351 fine
742 2291 792 2349 nol
814 2307 898 2350 esser
920 2290 983 2348 alta
1002 2290 1033 2349 ln
1053 2300 1162 2366 ponete
1183 2293 1214 2352 in
1236 2313 1273 2354 su
1295 2316 1335 2355 un
1357 2316 1437 2357 nono
1459 2300 1496 2360 de

169 2396 296 2456 lnltezze
322 2393 474 2471 sequendo
503 2395 534 2453 ln
560 2393 677 2452 curuita
704 2391 741 2449 de
768 2390 798 2450 ln
819 2409 918 2466 penne
939 2409 996 2451 eon
1023 2391 1054 2449 ln
1081 2392 1294 2469 degradatione
1322 2397 1359 2456 de
1385 2399 1416 2458 le
1441 2419 1498 2459 ena

168 2515 338 2574 grosnezzn„

295 2668 322 2726 R

255 2820 370 2895 Questn
390 2783 498 2881 lettere
517 2820 576 2880 .R.
597 2837 630 2879 se
650 2836 726 2878 eene
746 2819 784 2876 de
804 2818 836 2876 le
855 2819 964 2877 lettera
985 2817 1051 2892 .B.,
1072 2819 1101 2878 el
1123 2837 1178 2880 sno
1192 2821 1283 2879 tondo
1298 2823 1343 2882 eie
1362 2823 1398 2882 de
1421 2833 1500 2885 sotto

170 2923 219 2983 dal
240 2930 424 2998 centronna
446 2940 530 2981 mern
550 2923 667 2998 gambn.
710 2919 803 2978 Turta
828 2925 935 2995 questa
960 2918 1066 2978 lettera
1089 2921 1141 2979 nol
1168 2938 1251 2981 esser
1277 2923 1382 2983 dentro
1408 2925 1445 2984 de
1470 2927 1500 2987 le

111 3093 115 3104 Ι
170 3024 250 3084 erodi
271 3031 397 3101 excepto
417 3024 449 3083 ln
462 3023 571 3100 gembn
592 3029 688 3081 storte
708 3021 760 3080 nol
782 3020 863 3079 nscir
884 3019 931 3078 for
953 3019 989 3077 de
1011 3019 1039 3079 le
1052 3022 1132 3080 croci
1153 3021 1194 3080 fin
1209 3023 1239 3081 nl
1253 3024 1296 3082 fin
1309 3024 1358 3084 del
1372 3027 1498 3101 quadro.

171 3123 263 3184 Dicta
283 3125 393 3203 gamba
414 3131 509 3183 stortn
530 3124 581 3182 nol
602 3140 685 3182 esser
706 3137 812 3198 grosse
833 3121 870 3179 de
891 3119 920 3177 le
934 3137 1013 3178 none
1027 3122 1106 3198 parti
1128 3121 1209 3194 luna,
1231 3124 1390 3183 terminate
1411 3127 1501 3186 sutile

171 3227 202 3286 in
222 3232 315 3304 ponta
335 3225 505 3303 nellengnlo
519 3224 567 3282 del
585 3224 700 3299 quadro
715 3221 822 3280 amodo
844 3220 881 3278 de
895 3220 1064 3280 curnelinee
1086 3229 1121 3280 nt
1134 3223 1183 3282 hic
1203 3223 1235 3282 in
1249 3225 1386 3301 exemplo
1408 3234 1499 3302 patet.

302 3725 323 3782 S

258 3877 375 3954 Questa
395 3878 503 3937 lettera
523 3874 573 3937 .S.
597 3895 629 3936 se
651 3893 728 3935 eene
748 3873 785 3934 de
806 3883 873 3933 octo
894 3872 977 3933 tondi
1000 3873 1027 3932 dr
1049 3883 1155 3950 questa
1175 3873 1219 3934 nie
1239 3875 1271 3935 le
1291 3893 1347 3935 eun
1367 3875 1504 3956 Regione

179 3987 212 4041 nt
232 3980 281 4039 hie
302 3981 333 4040 in
354 3979 493 4057 exemplo
515 3986 654 4055 appeten
676 3977 697 4036 li
713 3975 796 4053 quali
816 3994 870 4052 per
890 3977 919 4034 le
941 3993 994 4035 sue
1015 3975 1158 4052 pnralelle
1180 3978 1326 4037 trouendo
1348 3978 1395 4037 lor
1409 3980 1503 4038 centri

179 4081 311 4139 trouerni
332 4081 425 4156 quelli
445 4080 483 4139 de
505 4086 585 4138 sotto
607 4095 692 4138 esser
705 4077 832 4154 megiori
854 4076 891 4135 de
911 4076 934 4134 li
952 4075 994 4134 de
1014 4093 1105 4153 sopra
1126 4096 1166 4135 nn
1180 4086 1262 4137 terzo
1284 4078 1333 4138 del
1354 4097 1434 4138 nono
1455 4079 1504 4138 del

178 4198 235 4240 eno
263 4181 387 4257 quadro.
438 4179 487 4239 La
511 4179 620 4256 panein
645 4178 682 4237 de
717 4195 819 4237 mezzo
844 4177 896 4236 nol
923 4195 1005 4236 esser
1030 4195 1141 4254 grosse
1166 4179 1194 4237 el
1219 4197 1300 4239 nono
1328 4190 1438 4258 aponto
1466 4180 1503 4240 de

177 4280 297 4340 lalteza.
329 4281 373 4340 Le
389 4281 471 4340 sutili
494 4299 532 4340 nn
555 4289 636 4339 terzo
654 4280 690 4339 de
705 4280 736 4338 la
749 4295 894 4358 grossezn
907 4277 1093 4337 terminando
1114 4278 1143 4337 le
1158 4289 1233 4339 teste
1255 4299 1310 4339 con
1327 4299 1383 4340 sun
1396 4281 1501 4359 gratie.
