<?xml version="1.0" encoding="UTF-8"?>
<!DOCTYPE html PUBLIC "-//W3C//DTD XHTML 1.0 Transitional//EN"
    "http://www.w3.org/TR/xhtml1/DTD/xhtml1-transitional.dtd">
<html xmlns="http://www.w3.org/1999/xhtml" xml:lang="en" lang="en">
 <head>
  <title>
</title>
<meta http-equiv="Content-Type" content="text/html;charset=utf-8" />
  <meta name='ocr-system' content='tesseract 3.04.00' />
  <meta name='ocr-capabilities' content='ocr_page ocr_carea ocr_par ocr_line ocrx_word'/>
</head>
<body>
  <div class='ocr_page' id='page_1' title='image "./ephemerisepigra04instgoog_0215.png"; bbox 0 0 3742 5826; ppageno 0'>
   <div class='ocr_carea' id='block_1_1' title="bbox 351 527 1124 604">
    <p class='ocr_par' dir='ltr' id='par_1_1' title="bbox 351 527 1124 604">
     <span class='ocr_line' id='line_1_1' title="bbox 351 527 1124 604; baseline -0.009 -6"><span class='ocrx_word' id='word_1_1' title='bbox 351 527 425 598; x_wconf 81' lang='lat'>210</span> <span class='ocrx_word' id='word_1_2' title='bbox 896 539 1124 604; x_wconf 81' lang='lat' dir='ltr'>usaovsanr</span> 
     </span>
    </p>
   </div>
   <div class='ocr_carea' id='block_1_2' title="bbox 344 711 1677 3022">
    <p class='ocr_par' dir='ltr' id='par_1_2' title="bbox 344 711 1677 3022">
     <span class='ocr_line' id='line_1_2' title="bbox 432 711 1676 796; baseline -0.002 -20"><span class='ocrx_word' id='word_1_3' title='bbox 432 720 461 776; x_wconf 87' lang='lat' dir='ltr'>A</span> <span class='ocrx_word' id='word_1_4' title='bbox 484 715 712 793; x_wconf 72' lang='lat' dir='ltr'>municipalibus</span> <span class='ocrx_word' id='word_1_5' title='bbox 734 713 940 796; x_wconf 80' lang='lat' dir='ltr'>sacerdotibus</span> <span class='ocrx_word' id='word_1_6' title='bbox 962 711 1189 790; x_wconf 76' lang='lat' dir='ltr'>distinguendus</span> <span class='ocrx_word' id='word_1_7' title='bbox 1211 719 1256 772; x_wconf 90' lang='lat' dir='ltr'>est</span> <span class='ocrx_word' id='word_1_8' title='bbox 1277 730 1412 774; x_wconf 87' lang='lat' dir='ltr'>sommus</span> <span class='ocrx_word' id='word_1_9' title='bbox 1433 714 1605 794; x_wconf 83' lang='lat' dir='ltr'>provinciae</span> <span class='ocrx_word' id='word_1_10' title='bbox 1627 732 1676 776; x_wconf 82' lang='lat' dir='ltr'>ss·</span> 
     </span>
     <span class='ocr_line' id='line_1_3' title="bbox 350 809 1676 898; baseline -0.002 -15"><span class='ocrx_word' id='word_1_11' title='bbox 350 819 470 892; x_wconf 83' lang='lat' dir='ltr'>cordos,</span> <span class='ocrx_word' id='word_1_12' title='bbox 498 817 597 895; x_wconf 88' lang='lat' dir='ltr'>qualis</span> <span class='ocrx_word' id='word_1_13' title='bbox 624 816 681 876; x_wconf 85' lang='lat' dir='ltr'>luit</span> <span class='ocrx_word' id='word_1_14' title='bbox 707 816 763 876; x_wconf 91' lang='lat' dir='ltr'>sub</span> <span class='ocrx_word' id='word_1_15' title='bbox 785 813 887 874; x_wconf 84' lang='lat' dir='ltr'>Nerva</span> <span class='ocrx_word' id='word_1_16' title='bbox 914 813 1111 892; x_wconf 87' lang='lat' dir='ltr'>Scopelianus</span> <span class='ocrx_word' id='word_1_17' title='bbox 1141 813 1292 891; x_wconf 84' lang='lat' dir='ltr'>sophista,</span> <span class='ocrx_word' id='word_1_18' title='bbox 1322 809 1475 898; x_wconf 70' lang='grc' dir='ltr'>ἀρχιεριῦο</span> <span class='ocrx_word' id='word_1_19' title='bbox 1501 818 1550 886; x_wconf 76' lang='grc' dir='ltr'>τῆς</span> <span class='ocrx_word' id='word_1_20' title='bbox 1574 809 1676 880; x_wconf 77' lang='lat' dir='ltr'>’Arias</span> 
     </span>
     <span class='ocr_line' id='line_1_4' title="bbox 349 914 1674 997; baseline -0.002 -17"><span class='ocrx_word' id='word_1_21' title='bbox 349 916 573 997; x_wconf 70' lang='lat' dir='ltr'>(Placenti.</span> <span class='ocrx_word' id='word_1_22' title='bbox 596 915 627 978; x_wconf 86' lang='lat' dir='ltr'>S.</span> <span class='ocrx_word' id='word_1_23' title='bbox 652 915 750 990; x_wconf 79' lang='lat'>1,21,</span> <span class='ocrx_word' id='word_1_24' title='bbox 773 914 821 992; x_wconf 81' lang='lat'>2).</span> <span class='ocrx_word' id='word_1_25' title='bbox 865 916 1017 976; x_wconf 76' lang='lat' dir='ltr'>Aristides</span> <span class='ocrx_word' id='word_1_26' title='bbox 1044 933 1162 992; x_wconf 86' lang='lat' dir='ltr'>quoque</span> <span class='ocrx_word' id='word_1_27' title='bbox 1188 915 1219 978; x_wconf 88' lang='lat' dir='ltr'>in</span> <span class='ocrx_word' id='word_1_28' title='bbox 1246 917 1341 976; x_wconf 89' lang='lat' dir='ltr'>sacris</span> <span class='ocrx_word' id='word_1_29' title='bbox 1370 918 1570 990; x_wconf 86' lang='lat' dir='ltr'>orationibus,</span> <span class='ocrx_word' id='word_1_30' title='bbox 1598 935 1674 996; x_wconf 86' lang='lat' dir='ltr'>quas</span> 
     </span>
     <span class='ocr_line' id='line_1_5' title="bbox 350 1016 1675 1098; baseline -0.003 -16"><span class='ocrx_word' id='word_1_31' title='bbox 350 1019 471 1098; x_wconf 79' lang='lat' dir='ltr'>scripsit</span> <span class='ocrx_word' id='word_1_32' title='bbox 491 1040 518 1079; x_wconf 90' lang='lat' dir='ltr'>a.</span> <span class='ocrx_word' id='word_1_33' title='bbox 532 1038 562 1096; x_wconf 93' lang='lat' dir='ltr'>p.</span> <span class='ocrx_word' id='word_1_34' title='bbox 578 1016 650 1078; x_wconf 82' lang='lat' dir='ltr'>our.</span> <span class='ocrx_word' id='word_1_35' title='bbox 665 1017 723 1078; x_wconf 82' lang='grc'>175</span> <span class='ocrx_word' id='word_1_36' title='bbox 746 1016 966 1095; x_wconf 78' lang='lat' dir='ltr'>(Waddington</span> <span class='ocrx_word' id='word_1_37' title='bbox 985 1017 1036 1076; x_wconf 86' lang='lat' dir='ltr'>Vis</span> <span class='ocrx_word' id='word_1_38' title='bbox 1050 1019 1089 1078; x_wconf 85' lang='lat' dir='ltr'>da</span> <span class='ocrx_word' id='word_1_39' title='bbox 1104 1017 1217 1078; x_wconf 80' lang='lat' dir='ltr'>rbdtsar</span> <span class='ocrx_word' id='word_1_40' title='bbox 1231 1016 1361 1076; x_wconf 73' lang='lat' dir='ltr'>Aristide</span> <span class='ocrx_word' id='word_1_41' title='bbox 1374 1023 1404 1078; x_wconf 85' lang='lat' dir='ltr'>ia</span> <span class='ocrx_word' id='word_1_42' title='bbox 1418 1019 1504 1078; x_wconf 74' lang='lat' dir='ltr'>Mea.</span> <span class='ocrx_word' id='word_1_43' title='bbox 1521 1021 1555 1078; x_wconf 86' lang='lat' dir='ltr'>de</span> <span class='ocrx_word' id='word_1_44' title='bbox 1571 1017 1675 1078; x_wconf 64' lang='lat' dir='ltr'>decad„</span> 
     </span>
     <span class='ocr_line' id='line_1_6' title="bbox 348 1110 1677 1202; baseline -0.004 -22"><span class='ocrx_word' id='word_1_45' title='bbox 348 1123 377 1182; x_wconf 84' lang='lat' dir='ltr'>cl.</span> <span class='ocrx_word' id='word_1_46' title='bbox 398 1125 484 1180; x_wconf 74' lang='lat' dir='ltr'>asscr.</span> <span class='ocrx_word' id='word_1_47' title='bbox 510 1118 588 1180; x_wconf 78' lang='lat'><strong>1867</strong></span> <span class='ocrx_word' id='word_1_48' title='bbox 616 1137 644 1195; x_wconf 90' lang='lat' dir='ltr'>p.</span> <span class='ocrx_word' id='word_1_49' title='bbox 661 1117 737 1194; x_wconf 79' lang='lat'>252)</span> <span class='ocrx_word' id='word_1_50' title='bbox 763 1119 821 1178; x_wconf 92' lang='lat' dir='ltr'>sibi</span> <span class='ocrx_word' id='word_1_51' title='bbox 847 1118 907 1194; x_wconf 89' lang='lat' dir='ltr'>ipsi</span> <span class='ocrx_word' id='word_1_52' title='bbox 933 1139 953 1178; x_wconf 90' lang='lat' dir='ltr'>a</span> <span class='ocrx_word' id='word_1_53' title='bbox 978 1116 1151 1194; x_wconf 80' lang='lat' dir='ltr'>Smyrnaeis</span> <span class='ocrx_word' id='word_1_54' title='bbox 1180 1112 1230 1190; x_wconf 69' lang='grc' dir='ltr'><strong><em>τὴν</em></strong></span> <span class='ocrx_word' id='word_1_55' title='bbox 1254 1110 1404 1202; x_wconf 68' lang='lat' dir='ltr'>{spus-duaa</span> <span class='ocrx_word' id='word_1_56' title='bbox 1431 1113 1480 1190; x_wconf 66' lang='grc' dir='ltr'>τὴν</span> <span class='ocrx_word' id='word_1_57' title='bbox 1506 1114 1598 1190; x_wconf 66' lang='grc' dir='ltr'><strong><em>νανννζν</em></strong></span> <span class='ocrx_word' id='word_1_58' title='bbox 1626 1122 1677 1190; x_wconf 72' lang='grc' dir='ltr'>τῆς</span> 
     </span>
     <span class='ocr_line' id='line_1_7' title="bbox 347 1214 1675 1299; baseline 0 -19"><span class='ocrx_word' id='word_1_59' title='bbox 347 1214 450 1282; x_wconf 74' lang='lat' dir='ltr'>&#39;Asiae</span> <span class='ocrx_word' id='word_1_60' title='bbox 477 1222 608 1281; x_wconf 87' lang='lat' dir='ltr'>oblatam</span> <span class='ocrx_word' id='word_1_61' title='bbox 636 1237 705 1280; x_wconf 88' lang='lat' dir='ltr'>esse</span> <span class='ocrx_word' id='word_1_62' title='bbox 731 1229 834 1279; x_wconf 80' lang='lat' dir='ltr'>namet</span> <span class='ocrx_word' id='word_1_63' title='bbox 863 1219 953 1279; x_wconf 83' lang='lat' dir='ltr'>roll</span> <span class='ocrx_word' id='word_1_64' title='bbox 975 1240 1004 1298; x_wconf 88' lang='lat' dir='ltr'>p.</span> <span class='ocrx_word' id='word_1_65' title='bbox 1021 1220 1078 1280; x_wconf 86' lang='grc'>531</span> <span class='ocrx_word' id='word_1_66' title='bbox 1103 1218 1211 1290; x_wconf 81' lang='lat' dir='ltr'>Diod,</span> <span class='ocrx_word' id='word_1_67' title='bbox 1239 1218 1531 1298; x_wconf 82' lang='lat' dir='ltr'>Smyrnaeorumque</span> <span class='ocrx_word' id='word_1_68' title='bbox 1558 1221 1675 1299; x_wconf 82' lang='lat' dir='ltr'>legatos</span> 
     </span>
     <span class='ocr_line' id='line_1_8' title="bbox 349 1312 1675 1406; baseline 0 -24"><span class='ocrx_word' id='word_1_69' title='bbox 349 1314 526 1406; x_wconf 72' lang='grc' dir='ltr'>(συνέδρους)</span> <span class='ocrx_word' id='word_1_70' title='bbox 553 1322 583 1380; x_wconf 93' lang='lat' dir='ltr'>in</span> <span class='ocrx_word' id='word_1_71' title='bbox 608 1321 757 1380; x_wconf 88' lang='lat' dir='ltr'>communi</span> <span class='ocrx_word' id='word_1_72' title='bbox 783 1320 909 1379; x_wconf 92' lang='lat' dir='ltr'>concilio</span> <span class='ocrx_word' id='word_1_73' title='bbox 936 1319 979 1396; x_wconf 78' lang='lat' dir='ltr'>(iv</span> <span class='ocrx_word' id='word_1_74' title='bbox 1003 1322 1045 1397; x_wconf 73' lang='lat' dir='ltr'>spi</span> <span class='ocrx_word' id='word_1_75' title='bbox 1066 1312 1199 1404; x_wconf 71' lang='grc' dir='ltr'><strong><em>συνεδρίῳ</em></strong></span> <span class='ocrx_word' id='word_1_76' title='bbox 1220 1323 1262 1398; x_wconf 69' lang='grc' dir='ltr'>τῷ</span> <span class='ocrx_word' id='word_1_77' title='bbox 1281 1320 1379 1398; x_wconf 72' lang='grc' dir='ltr'><strong><em>κοινῷ)</em></strong></span> <span class='ocrx_word' id='word_1_78' title='bbox 1405 1339 1438 1380; x_wconf 87' lang='lat' dir='ltr'>se</span> <span class='ocrx_word' id='word_1_79' title='bbox 1464 1323 1675 1396; x_wconf 86' lang='lat' dir='ltr'>nominarissc,</span> 
     </span>
     <span class='ocr_line' id='line_1_9' title="bbox 348 1421 1674 1500; baseline 0.002 -17"><span class='ocrx_word' id='word_1_80' title='bbox 348 1425 568 1500; x_wconf 85' lang='lat' dir='ltr'>conciliumque</span> <span class='ocrx_word' id='word_1_81' title='bbox 589 1440 697 1482; x_wconf 91' lang='lat' dir='ltr'>nomen</span> <span class='ocrx_word' id='word_1_82' title='bbox 719 1439 805 1482; x_wconf 87' lang='lat' dir='ltr'>suum</span> <span class='ocrx_word' id='word_1_83' title='bbox 826 1423 975 1498; x_wconf 77' lang='lat' dir='ltr'>recepisse</span> <span class='ocrx_word' id='word_1_84' title='bbox 996 1421 1158 1494; x_wconf 86' lang='lat' dir='ltr'>intereos,</span> <span class='ocrx_word' id='word_1_85' title='bbox 1180 1440 1219 1480; x_wconf 83' lang='lat' dir='ltr'>ex</span> <span class='ocrx_word' id='word_1_86' title='bbox 1241 1422 1349 1500; x_wconf 89' lang='lat' dir='ltr'>quibus</span> <span class='ocrx_word' id='word_1_87' title='bbox 1367 1423 1528 1500; x_wconf 86' lang='lat' dir='ltr'>proconsul</span> <span class='ocrx_word' id='word_1_88' title='bbox 1542 1424 1674 1486; x_wconf 85' lang='lat' dir='ltr'>loturum</span> 
     </span>
     <span class='ocr_line' id='line_1_10' title="bbox 348 1522 1675 1603; baseline 0.001 -19"><span class='ocrx_word' id='word_1_89' title='bbox 348 1525 520 1603; x_wconf 81' lang='lat' dir='ltr'>provinciae</span> <span class='ocrx_word' id='word_1_90' title='bbox 547 1523 732 1584; x_wconf 82' lang='lat' dir='ltr'>sacerdotem</span> <span class='ocrx_word' id='word_1_91' title='bbox 759 1524 939 1600; x_wconf 72' lang='lat' dir='ltr'>designaret.</span> <span class='ocrx_word' id='word_1_92' title='bbox 982 1522 1122 1600; x_wconf 86' lang='lat' dir='ltr'>Inprimis</span> <span class='ocrx_word' id='word_1_93' title='bbox 1142 1541 1214 1582; x_wconf 80' lang='lat' dir='ltr'>vero</span> <span class='ocrx_word' id='word_1_94' title='bbox 1241 1543 1278 1583; x_wconf 90' lang='lat' dir='ltr'>ea</span> <span class='ocrx_word' id='word_1_95' title='bbox 1302 1531 1399 1586; x_wconf 86' lang='lat' dir='ltr'>aetate</span> <span class='ocrx_word' id='word_1_96' title='bbox 1425 1525 1566 1601; x_wconf 76' lang='lat' dir='ltr'>frequens</span> <span class='ocrx_word' id='word_1_97' title='bbox 1593 1526 1675 1586; x_wconf 87' lang='lat' dir='ltr'>illius</span> 
     </span>
     <span class='ocr_line' id='line_1_11' title="bbox 349 1621 1674 1704; baseline 0 -20"><span class='ocrx_word' id='word_1_98' title='bbox 349 1625 515 1685; x_wconf 87' lang='lat' dir='ltr'>sacerdotis</span> <span class='ocrx_word' id='word_1_99' title='bbox 545 1631 593 1684; x_wconf 89' lang='lat' dir='ltr'>est</span> <span class='ocrx_word' id='word_1_100' title='bbox 621 1624 748 1696; x_wconf 86' lang='lat' dir='ltr'>mentio,</span> <span class='ocrx_word' id='word_1_101' title='bbox 780 1640 856 1701; x_wconf 89' lang='lat' dir='ltr'>qua,</span> <span class='ocrx_word' id='word_1_102' title='bbox 885 1621 1000 1684; x_wconf 84' lang='lat' dir='ltr'>Christi</span> <span class='ocrx_word' id='word_1_103' title='bbox 1029 1625 1165 1684; x_wconf 87' lang='lat' dir='ltr'>doctrina</span> <span class='ocrx_word' id='word_1_104' title='bbox 1191 1625 1287 1702; x_wconf 77' lang='lat' dir='ltr'>magis</span> <span class='ocrx_word' id='word_1_105' title='bbox 1315 1624 1471 1702; x_wconf 79' lang='lat' dir='ltr'>magisque</span> <span class='ocrx_word' id='word_1_106' title='bbox 1498 1635 1674 1704; x_wconf 78' lang='lat' dir='ltr'>propagata,</span> 
     </span>
     <span class='ocr_line' id='line_1_12' title="bbox 349 1724 1674 1804; baseline -0.001 -17"><span class='ocrx_word' id='word_1_107' title='bbox 349 1724 533 1787; x_wconf 83' lang='lat' dir='ltr'>Graecorum</span> <span class='ocrx_word' id='word_1_108' title='bbox 560 1727 682 1784; x_wconf 86' lang='lat' dir='ltr'>deorum</span> <span class='ocrx_word' id='word_1_109' title='bbox 708 1725 801 1783; x_wconf 91' lang='lat' dir='ltr'>cultui</span> <span class='ocrx_word' id='word_1_110' title='bbox 828 1725 967 1784; x_wconf 87' lang='lat' dir='ltr'>interitus</span> <span class='ocrx_word' id='word_1_111' title='bbox 992 1725 1106 1784; x_wconf 89' lang='lat' dir='ltr'>instare</span> <span class='ocrx_word' id='word_1_112' title='bbox 1133 1725 1298 1786; x_wconf 85' lang='lat' dir='ltr'>videbatur.</span> <span class='ocrx_word' id='word_1_113' title='bbox 1342 1725 1388 1784; x_wconf 82' lang='lat' dir='ltr'>Eo</span> <span class='ocrx_word' id='word_1_114' title='bbox 1416 1735 1550 1804; x_wconf 83' lang='lat' dir='ltr'>tempore</span> <span class='ocrx_word' id='word_1_115' title='bbox 1575 1729 1674 1788; x_wconf 86' lang='lat' dir='ltr'>Maxi-</span> 
     </span>
     <span class='ocr_line' id='line_1_13' title="bbox 349 1820 1673 1912; baseline 0.001 -26"><span class='ocrx_word' id='word_1_116' title='bbox 349 1828 447 1888; x_wconf 83' lang='lat' dir='ltr'>minus</span> <span class='ocrx_word' id='word_1_117' title='bbox 469 1824 686 1902; x_wconf 82' lang='lat' dir='ltr'>(sot-313),</span> <span class='ocrx_word' id='word_1_118' title='bbox 714 1834 749 1884; x_wconf 89' lang='lat' dir='ltr'>ut</span> <span class='ocrx_word' id='word_1_119' title='bbox 773 1833 821 1884; x_wconf 90' lang='lat' dir='ltr'>est</span> <span class='ocrx_word' id='word_1_120' title='bbox 847 1827 927 1903; x_wconf 89' lang='lat' dir='ltr'>apud</span> <span class='ocrx_word' id='word_1_121' title='bbox 949 1825 1060 1885; x_wconf 87' lang='lat' dir='ltr'>Euseb.</span> <span class='ocrx_word' id='word_1_122' title='bbox 1084 1825 1124 1885; x_wconf 88' lang='lat' dir='ltr'>H.</span> <span class='ocrx_word' id='word_1_123' title='bbox 1146 1827 1183 1886; x_wconf 85' lang='lat' dir='ltr'>E.</span> <span class='ocrx_word' id='word_1_124' title='bbox 1206 1827 1311 1900; x_wconf 84' lang='lat'>8,14,</span> <span class='ocrx_word' id='word_1_125' title='bbox 1332 1828 1349 1886; x_wconf 84' lang='lat'>9</span> <span class='ocrx_word' id='word_1_126' title='bbox 1376 1827 1507 1889; x_wconf 89' lang='lat' dir='ltr'>instituit</span> <span class='ocrx_word' id='word_1_127' title='bbox 1531 1820 1619 1912; x_wconf 70' lang='grc' dir='ltr'><strong><em>ἱερέας</em></strong></span> <span class='ocrx_word' id='word_1_128' title='bbox 1643 1851 1673 1888; x_wconf 78' lang='lat' dir='ltr'>ss</span> 
     </span>
     <span class='ocr_line' id='line_1_14' title="bbox 349 1916 1674 2013; baseline 0.003 -29"><span class='ocrx_word' id='word_1_129' title='bbox 349 1918 470 1994; x_wconf 74' lang='lat' dir='ltr'>sidoillurr</span> <span class='ocrx_word' id='word_1_130' title='bbox 491 1920 567 1984; x_wconf 75' lang='lat' dir='ltr'>aursi</span> <span class='ocrx_word' id='word_1_131' title='bbox 588 1916 682 1983; x_wconf 67' lang='grc' dir='ltr'><strong><em>πάντα</em></strong></span> <span class='ocrx_word' id='word_1_132' title='bbox 704 1917 789 1984; x_wconf 77' lang='grc' dir='ltr'><strong><em>τίπον</em></strong></span> <span class='ocrx_word' id='word_1_133' title='bbox 809 1916 857 1986; x_wconf 68' lang='lat' dir='ltr'>aad</span> <span class='ocrx_word' id='word_1_134' title='bbox 878 1917 1029 1984; x_wconf 74' lang='lat' dir='ltr'>adiurnati</span> <span class='ocrx_word' id='word_1_135' title='bbox 1050 1917 1095 1984; x_wconf 78' lang='lat' dir='ltr'>issi</span> <span class='ocrx_word' id='word_1_136' title='bbox 1117 1919 1222 1984; x_wconf 67' lang='grc' dir='ltr'><strong><em>τούτων</em></strong></span> <span class='ocrx_word' id='word_1_137' title='bbox 1242 1919 1363 1998; x_wconf 66' lang='grc' dir='ltr'>ἑκάστης</span> <span class='ocrx_word' id='word_1_138' title='bbox 1377 1921 1523 2012; x_wconf 67' lang='grc' dir='ltr'>ἐπαρχίας</span> <span class='ocrx_word' id='word_1_139' title='bbox 1537 1921 1674 2013; x_wconf 69' lang='grc' dir='ltr'>α’ρχοιρεά</span> 
     </span>
     <span class='ocr_line' id='line_1_15' title="bbox 347 2015 1672 2114; baseline 0.002 -29"><span class='ocrx_word' id='word_1_140' title='bbox 347 2029 402 2086; x_wconf 79' lang='lat' dir='ltr'>suiv</span> <span class='ocrx_word' id='word_1_141' title='bbox 432 2026 460 2086; x_wconf 80' lang='lat' dir='ltr'>iv</span> <span class='ocrx_word' id='word_1_142' title='bbox 491 2020 643 2086; x_wconf 68' lang='grc' dir='ltr'>πολιτείαις</span> <span class='ocrx_word' id='word_1_143' title='bbox 673 2015 722 2084; x_wconf 71' lang='grc' dir='ltr'>ἵνα</span> <span class='ocrx_word' id='word_1_144' title='bbox 748 2017 782 2102; x_wconf 73' lang='lat' dir='ltr'>qs&#39;</span> <span class='ocrx_word' id='word_1_145' title='bbox 806 2050 869 2084; x_wconf 83' lang='grc' dir='ltr'><strong><em>τινα</em></strong></span> <span class='ocrx_word' id='word_1_146' title='bbox 897 2021 943 2086; x_wconf 82' lang='lat' dir='ltr'>rdv</span> <span class='ocrx_word' id='word_1_147' title='bbox 968 2017 1101 2105; x_wconf 74' lang='grc' dir='ltr'>μα’λνπα</span> <span class='ocrx_word' id='word_1_148' title='bbox 1126 2026 1259 2106; x_wconf 66' lang='lat' dir='ltr'>damascia</span> <span class='ocrx_word' id='word_1_149' title='bbox 1286 2022 1333 2086; x_wconf 77' lang='lat' dir='ltr'>bal</span> <span class='ocrx_word' id='word_1_150' title='bbox 1359 2019 1455 2098; x_wconf 72' lang='lat' dir='ltr'>ardeas</span> <span class='ocrx_word' id='word_1_151' title='bbox 1483 2019 1672 2114; x_wconf 63' lang='grc' dir='ltr'>ἔμπρὲψαντα</span> 
     </span>
     <span class='ocr_line' id='line_1_16' title="bbox 346 2121 1673 2212; baseline 0.004 -26"><span class='ocrx_word' id='word_1_152' title='bbox 346 2121 533 2212; x_wconf 54' lang='lat' dir='ltr'>&gt;strongylus</span> <span class='ocrx_word' id='word_1_153' title='bbox 554 2138 584 2187; x_wconf 90' lang='lat' dir='ltr'>et</span> <span class='ocrx_word' id='word_1_154' title='bbox 604 2128 661 2187; x_wconf 90' lang='lat' dir='ltr'>sub</span> <span class='ocrx_word' id='word_1_155' title='bbox 676 2129 794 2188; x_wconf 87' lang='lat' dir='ltr'>Iuliano</span> <span class='ocrx_word' id='word_1_156' title='bbox 817 2128 1012 2205; x_wconf 79' lang='lat' dir='ltr'>(sto-363)</span> <span class='ocrx_word' id='word_1_157' title='bbox 1033 2137 1095 2188; x_wconf 86' lang='lat' dir='ltr'>tres</span> <span class='ocrx_word' id='word_1_158' title='bbox 1117 2127 1289 2188; x_wconf 85' lang='lat' dir='ltr'>huiusmodi</span> <span class='ocrx_word' id='word_1_159' title='bbox 1312 2130 1484 2191; x_wconf 87' lang='lat' dir='ltr'>secerdotes</span> <span class='ocrx_word' id='word_1_160' title='bbox 1506 2133 1570 2191; x_wconf 88' lang='lat' dir='ltr'>noti</span> <span class='ocrx_word' id='word_1_161' title='bbox 1592 2142 1673 2204; x_wconf 87' lang='lat' dir='ltr'>sunt,</span> 
     </span>
     <span class='ocr_line' id='line_1_17' title="bbox 347 2223 1670 2314; baseline 0.001 -22"><span class='ocrx_word' id='word_1_162' title='bbox 347 2230 539 2314; x_wconf 82' lang='lat' dir='ltr'>Theodorus,</span> <span class='ocrx_word' id='word_1_163' title='bbox 566 2223 718 2312; x_wconf 63' lang='grc' dir='ltr'><strong><em>ἆρχνοροῦς</em></strong></span> <span class='ocrx_word' id='word_1_164' title='bbox 745 2231 796 2300; x_wconf 71' lang='grc' dir='ltr'>τῆς</span> <span class='ocrx_word' id='word_1_165' title='bbox 815 2223 933 2297; x_wconf 65' lang='grc' dir='ltr'>Ἀτίας,</span> <span class='ocrx_word' id='word_1_166' title='bbox 961 2231 998 2289; x_wconf 78' lang='lat' dir='ltr'>sd</span> <span class='ocrx_word' id='word_1_167' title='bbox 1025 2248 1114 2307; x_wconf 82' lang='lat' dir='ltr'>quem</span> <span class='ocrx_word' id='word_1_168' title='bbox 1140 2230 1275 2291; x_wconf 82' lang='lat' dir='ltr'>Iulianus</span> <span class='ocrx_word' id='word_1_169' title='bbox 1302 2233 1423 2310; x_wconf 78' lang='lat' dir='ltr'>scripsit</span> <span class='ocrx_word' id='word_1_170' title='bbox 1443 2232 1600 2308; x_wconf 78' lang='lat' dir='ltr'>epistolam</span> <span class='ocrx_word' id='word_1_171' title='bbox 1616 2233 1670 2306; x_wconf 83' lang='lat'>633</span> 
     </span>
     <span class='ocr_line' id='line_1_18' title="bbox 346 2323 1673 2414; baseline 0 -20"><span class='ocrx_word' id='word_1_172' title='bbox 346 2332 504 2402; x_wconf 83' lang='lat' dir='ltr'>Arsacias,</span> <span class='ocrx_word' id='word_1_173' title='bbox 530 2323 683 2414; x_wconf 68' lang='grc' dir='ltr'><strong><em>ἆρχννρνὰο</em></strong></span> <span class='ocrx_word' id='word_1_174' title='bbox 701 2331 751 2401; x_wconf 70' lang='grc' dir='ltr'>τῆς</span> <span class='ocrx_word' id='word_1_175' title='bbox 772 2323 931 2398; x_wconf 73' lang='grc' dir='ltr'><strong><em>Γαλατίας,</em></strong></span> <span class='ocrx_word' id='word_1_176' title='bbox 952 2333 1001 2391; x_wconf 90' lang='lat' dir='ltr'>cui</span> <span class='ocrx_word' id='word_1_177' title='bbox 1021 2332 1100 2393; x_wconf 90' lang='lat' dir='ltr'>idem</span> <span class='ocrx_word' id='word_1_178' title='bbox 1121 2332 1243 2392; x_wconf 88' lang='lat' dir='ltr'>mandat</span> <span class='ocrx_word' id='word_1_179' title='bbox 1264 2351 1310 2409; x_wconf 90' lang='lat' dir='ltr'>ep.</span> <span class='ocrx_word' id='word_1_180' title='bbox 1327 2334 1382 2406; x_wconf 81' lang='lat'>49,</span> <span class='ocrx_word' id='word_1_181' title='bbox 1409 2342 1443 2393; x_wconf 90' lang='lat' dir='ltr'>ot</span> <span class='ocrx_word' id='word_1_182' title='bbox 1463 2351 1567 2394; x_wconf 77' lang='lat' dir='ltr'>severa</span> <span class='ocrx_word' id='word_1_183' title='bbox 1589 2353 1673 2396; x_wconf 86' lang='lat' dir='ltr'>coer·</span> 
     </span>
     <span class='ocr_line' id='line_1_19' title="bbox 346 2429 1672 2510; baseline 0.003 -18"><span class='ocrx_word' id='word_1_184' title='bbox 346 2443 412 2493; x_wconf 87' lang='lat' dir='ltr'>cest</span> <span class='ocrx_word' id='word_1_185' title='bbox 438 2449 541 2494; x_wconf 83' lang='lat' dir='ltr'>omnes</span> <span class='ocrx_word' id='word_1_186' title='bbox 570 2429 710 2492; x_wconf 81' lang='lat' dir='ltr'>Galatiae</span> <span class='ocrx_word' id='word_1_187' title='bbox 736 2432 923 2504; x_wconf 87' lang='lat' dir='ltr'>sacerdotes,</span> <span class='ocrx_word' id='word_1_188' title='bbox 951 2433 1030 2493; x_wconf 88' lang='lat' dir='ltr'>dicto</span> <span class='ocrx_word' id='word_1_189' title='bbox 1058 2434 1213 2494; x_wconf 84' lang='lat' dir='ltr'>audientes</span> <span class='ocrx_word' id='word_1_190' title='bbox 1241 2434 1384 2510; x_wconf 90' lang='lat' dir='ltr'>praemiis</span> <span class='ocrx_word' id='word_1_191' title='bbox 1411 2436 1538 2508; x_wconf 89' lang='lat' dir='ltr'>alliciat,</span> <span class='ocrx_word' id='word_1_192' title='bbox 1567 2447 1672 2496; x_wconf 88' lang='lat' dir='ltr'>contu·</span> 
     </span>
     <span class='ocr_line' id='line_1_20' title="bbox 346 2532 1670 2616; baseline 0.002 -22"><span class='ocrx_word' id='word_1_193' title='bbox 346 2553 445 2596; x_wconf 86' lang='lat' dir='ltr'>maces</span> <span class='ocrx_word' id='word_1_194' title='bbox 474 2532 643 2594; x_wconf 86' lang='lat' dir='ltr'>sacerdotio</span> <span class='ocrx_word' id='word_1_195' title='bbox 672 2533 821 2609; x_wconf 79' lang='lat' dir='ltr'>expellat3</span> <span class='ocrx_word' id='word_1_196' title='bbox 855 2533 983 2610; x_wconf 90' lang='lat' dir='ltr'>denique</span> <span class='ocrx_word' id='word_1_197' title='bbox 1011 2533 1250 2611; x_wconf 80' lang='lat' dir='ltr'>Chrysanthius,</span> <span class='ocrx_word' id='word_1_198' title='bbox 1281 2537 1318 2594; x_wconf 88' lang='lat' dir='ltr'>de</span> <span class='ocrx_word' id='word_1_199' title='bbox 1346 2554 1405 2614; x_wconf 90' lang='lat' dir='ltr'>quo</span> <span class='ocrx_word' id='word_1_200' title='bbox 1434 2537 1525 2596; x_wconf 84' lang='lat' dir='ltr'>tradit</span> <span class='ocrx_word' id='word_1_201' title='bbox 1552 2537 1670 2616; x_wconf 83' lang='lat' dir='ltr'>Ennap.</span> 
     </span>
     <span class='ocr_line' id='line_1_21' title="bbox 345 2623 1672 2721; baseline 0 -26"><span class='ocrx_word' id='word_1_202' title='bbox 345 2654 375 2714; x_wconf 82' lang='lat' dir='ltr'>p.</span> <span class='ocrx_word' id='word_1_203' title='bbox 391 2637 430 2696; x_wconf 89' lang='grc'>57</span> <span class='ocrx_word' id='word_1_204' title='bbox 452 2635 566 2694; x_wconf 80' lang='lat' dir='ltr'>Boiss.:</span> <span class='ocrx_word' id='word_1_205' title='bbox 593 2631 628 2689; x_wconf 72' lang='grc' dir='ltr'>Ὀ</span> <span class='ocrx_word' id='word_1_206' title='bbox 656 2623 686 2690; x_wconf 66' lang='grc' dir='ltr'>δὲ</span> <span class='ocrx_word' id='word_1_207' title='bbox 709 2634 872 2711; x_wconf 82' lang='lat' dir='ltr'>(Iulianus)</span> <span class='ocrx_word' id='word_1_208' title='bbox 899 2626 1035 2718; x_wconf 72' lang='grc' dir='ltr'>ἆρχιορέα</span> <span class='ocrx_word' id='word_1_209' title='bbox 1061 2629 1221 2716; x_wconf 69' lang='grc' dir='ltr'>ἀποδείξας</span> <span class='ocrx_word' id='word_1_210' title='bbox 1246 2628 1293 2693; x_wconf 75' lang='lat' dir='ltr'>ro&#39;v</span> <span class='ocrx_word' id='word_1_211' title='bbox 1315 2660 1345 2695; x_wconf 83' lang='lat' dir='ltr'>rs</span> <span class='ocrx_word' id='word_1_212' title='bbox 1367 2625 1457 2721; x_wconf 64' lang='grc' dir='ltr'><strong><em>ἄνδρα</em></strong></span> <span class='ocrx_word' id='word_1_213' title='bbox 1477 2629 1526 2696; x_wconf 60' lang='grc' dir='ltr'>καὶ</span> <span class='ocrx_word' id='word_1_214' title='bbox 1547 2629 1594 2708; x_wconf 45' lang='lat' dir='ltr'>retr</span> <span class='ocrx_word' id='word_1_215' title='bbox 1616 2661 1672 2714; x_wconf 72' lang='grc' dir='ltr'>γυ-</span> 
     </span>
     <span class='ocr_line' id='line_1_22' title="bbox 345 2727 1672 2815; baseline 0.003 -20"><span class='ocrx_word' id='word_1_216' title='bbox 345 2739 428 2795; x_wconf 77' lang='grc' dir='ltr'><strong><em>ναῖκα</em></strong></span> <span class='ocrx_word' id='word_1_217' title='bbox 450 2738 499 2801; x_wconf 71' lang='grc' dir='ltr'>τῆς</span> <span class='ocrx_word' id='word_1_218' title='bbox 519 2727 625 2792; x_wconf 71' lang='grc' dir='ltr'><strong><em>Λυδίαν</em></strong></span> <span class='ocrx_word' id='word_1_219' title='bbox 647 2732 760 2810; x_wconf 78' lang='lat' dir='ltr'>(Lydia</span> <span class='ocrx_word' id='word_1_220' title='bbox 780 2753 799 2793; x_wconf 86' lang='lat' dir='ltr'>s</span> <span class='ocrx_word' id='word_1_221' title='bbox 820 2735 1011 2795; x_wconf 83' lang='lat' dir='ltr'>Diocletiano</span> <span class='ocrx_word' id='word_1_222' title='bbox 1033 2737 1188 2813; x_wconf 86' lang='lat' dir='ltr'>provincia</span> <span class='ocrx_word' id='word_1_223' title='bbox 1207 2737 1287 2798; x_wconf 84' lang='lat' dir='ltr'>iacta</span> <span class='ocrx_word' id='word_1_224' title='bbox 1307 2738 1400 2815; x_wconf 86' lang='lat' dir='ltr'>crat),</span> <span class='ocrx_word' id='word_1_225' title='bbox 1421 2729 1469 2797; x_wconf 75' lang='lat' dir='ltr'>nai</span> <span class='ocrx_word' id='word_1_226' title='bbox 1491 2733 1538 2796; x_wconf 76' lang='grc' dir='ltr'>ὑπ’</span> <span class='ocrx_word' id='word_1_227' title='bbox 1560 2732 1672 2799; x_wconf 68' lang='grc' dir='ltr'><strong><em>ἐκείνοις</em></strong></span> 
     </span>
     <span class='ocr_line' id='line_1_23' title="bbox 345 2821 1670 2920; baseline 0.002 -24"><span class='ocrx_word' id='word_1_228' title='bbox 345 2827 503 2920; x_wconf 64' lang='lat' dir='ltr'>irresps&#39;dsoec</span> <span class='ocrx_word' id='word_1_229' title='bbox 523 2825 592 2894; x_wconf 70' lang='lat' dir='ltr'>siras</span> <span class='ocrx_word' id='word_1_230' title='bbox 613 2837 668 2892; x_wconf 75' lang='lat' dir='ltr'>raia</span> <span class='ocrx_word' id='word_1_231' title='bbox 688 2821 783 2892; x_wconf 65' lang='grc' dir='ltr'><strong><em>ἄλλων</em></strong></span> <span class='ocrx_word' id='word_1_232' title='bbox 804 2829 854 2904; x_wconf 68' lang='grc' dir='ltr'>τὴν</span> <span class='ocrx_word' id='word_1_233' title='bbox 874 2826 991 2919; x_wconf 71' lang='lat' dir='ltr'>cri&#39;psssv,</span> <span class='ocrx_word' id='word_1_234' title='bbox 1011 2832 1098 2898; x_wconf 74' lang='lat' dir='ltr'>airis</span> <span class='ocrx_word' id='word_1_235' title='bbox 1117 2827 1161 2896; x_wconf 74' lang='lat' dir='ltr'>tri</span> <span class='ocrx_word' id='word_1_236' title='bbox 1176 2831 1223 2896; x_wconf 70' lang='grc' dir='ltr'><strong><em>τᾶν</em></strong></span> <span class='ocrx_word' id='word_1_237' title='bbox 1238 2833 1372 2919; x_wconf 76' lang='lat' dir='ltr'>ssepe-rada</span> <span class='ocrx_word' id='word_1_238' title='bbox 1386 2831 1525 2917; x_wconf 64' lang='grc' dir='ltr'><strong><em>συνήγετο</em></strong></span> <span class='ocrx_word' id='word_1_239' title='bbox 1541 2832 1670 2908; x_wconf 67' lang='grc' dir='ltr'><strong><em>πολεμον.</em></strong></span> 
     </span>
     <span class='ocr_line' id='line_1_24' title="bbox 344 2923 1671 3022; baseline 0.005 -26"><span class='ocrx_word' id='word_1_240' title='bbox 344 2936 387 2998; x_wconf 83' lang='lat' dir='ltr'>Et</span> <span class='ocrx_word' id='word_1_241' title='bbox 413 2937 474 2996; x_wconf 77' lang='lat' dir='ltr'>alio</span> <span class='ocrx_word' id='word_1_242' title='bbox 501 2937 569 2996; x_wconf 82' lang='lat' dir='ltr'>loco</span> <span class='ocrx_word' id='word_1_243' title='bbox 596 2956 626 3014; x_wconf 87' lang='lat' dir='ltr'>p.</span> <span class='ocrx_word' id='word_1_244' title='bbox 644 2937 717 2996; x_wconf 81' lang='lat' dir='ltr'>lllt</span> <span class='ocrx_word' id='word_1_245' title='bbox 745 2930 758 2994; x_wconf 84' lang='lat' dir='ltr'>d</span> <span class='ocrx_word' id='word_1_246' title='bbox 786 2923 816 2992; x_wconf 76' lang='lat' dir='ltr'>di</span> <span class='ocrx_word' id='word_1_247' title='bbox 838 2926 1023 3018; x_wconf 63' lang='grc' dir='ltr'><strong><em>Χρυοάνθνοο</em></strong></span> <span class='ocrx_word' id='word_1_248' title='bbox 1048 2931 1097 3008; x_wconf 68' lang='grc' dir='ltr'><strong><em>τὴν</em></strong></span> <span class='ocrx_word' id='word_1_249' title='bbox 1125 2929 1338 3022; x_wconf 68' lang='grc' dir='ltr'><strong><em>ἇρχνερωουνην</em></strong></span> <span class='ocrx_word' id='word_1_250' title='bbox 1364 2941 1415 2998; x_wconf 74' lang='grc' dir='ltr'>τοῦ</span> <span class='ocrx_word' id='word_1_251' title='bbox 1439 2933 1671 3003; x_wconf 64' lang='lat' dir='ltr'>suedritanus</span> 
     </span>
    </p>
   </div>
   <div class='ocr_carea' id='block_1_3' title="bbox 343 3023 1670 3128">
    <p class='ocr_par' dir='ltr' id='par_1_3' title="bbox 343 3023 1670 3128">
     <span class='ocr_line' id='line_1_25' title="bbox 343 3023 1670 3128; baseline 0.005 -35"><span class='ocrx_word' id='word_1_252' title='bbox 343 3030 447 3103; x_wconf 68' lang='grc' dir='ltr'><strong><em>λαβών</em></strong></span> <span class='ocrx_word' id='word_1_253' title='bbox 469 3071 507 3082; x_wconf 91' lang='grc'>-</span> <span class='ocrx_word' id='word_1_254' title='bbox 530 3034 562 3096; x_wconf 74' lang='grc' dir='ltr'>οὗ</span> <span class='ocrx_word' id='word_1_255' title='bbox 583 3028 679 3120; x_wconf 71' lang='grc' dir='ltr'>βαρὸο</span> <span class='ocrx_word' id='word_1_256' title='bbox 700 3023 732 3106; x_wconf 66' lang='grc' dir='ltr'>’ἦν</span> <span class='ocrx_word' id='word_1_257' title='bbox 752 3031 829 3094; x_wconf 69' lang='grc' dir='ltr'>κατὰ</span> <span class='ocrx_word' id='word_1_258' title='bbox 851 3031 900 3107; x_wconf 68' lang='grc' dir='ltr'><strong><em>τὴν</em></strong></span> <span class='ocrx_word' id='word_1_259' title='bbox 920 3031 1054 3119; x_wconf 74' lang='grc' dir='ltr'><strong><em>ἒξουτιάν</em></strong></span> <span class='ocrx_word' id='word_1_260' title='bbox 1074 3073 1112 3084; x_wconf 92' lang='grc'>-</span> <span class='ocrx_word' id='word_1_261' title='bbox 1131 3073 1169 3086; x_wconf 87' lang='lat'><em>-</em></span> <span class='ocrx_word' id='word_1_262' title='bbox 1188 3029 1251 3098; x_wconf 73' lang='lat' dir='ltr'>edre</span> <span class='ocrx_word' id='word_1_263' title='bbox 1266 3043 1362 3099; x_wconf 77' lang='grc' dir='ltr'><strong><em>λυπῶν</em></strong></span> <span class='ocrx_word' id='word_1_264' title='bbox 1375 3063 1453 3104; x_wconf 77' lang='grc' dir='ltr'><strong><em>τινος</em></strong></span> <span class='ocrx_word' id='word_1_265' title='bbox 1466 3045 1522 3100; x_wconf 70' lang='grc' dir='ltr'><strong><em>τοῖν</em></strong></span> <span class='ocrx_word' id='word_1_266' title='bbox 1535 3047 1670 3128; x_wconf 63' lang='grc' dir='ltr'>Χριστια-</span> 
     </span>
    </p>
   </div>
   <div class='ocr_carea' id='block_1_4' title="bbox 255 3160 1670 5247">
    <p class='ocr_par' dir='ltr' id='par_1_4' title="bbox 345 3160 561 3199">
     <span class='ocr_line' id='line_1_26' title="bbox 345 3160 561 3199; baseline -0.005 -2"><span class='ocrx_word' id='word_1_267' title='bbox 345 3163 397 3198; x_wconf 76' lang='lat' dir='ltr'>t’ttlv</span> <span class='ocrx_word' id='word_1_268' title='bbox 419 3162 454 3198; x_wconf 79' lang='lat' dir='ltr'>trs</span> <span class='ocrx_word' id='word_1_269' title='bbox 470 3160 561 3199; x_wconf 65' lang='lat' dir='ltr'>trtwt.</span> 
     </span>
    </p>

    <p class='ocr_par' dir='ltr' id='par_1_5' title="bbox 342 3163 1670 3732">
     <span class='ocr_line' id='line_1_27' title="bbox 428 3163 1670 3321; baseline 0.005 -21"><span class='ocrx_word' id='word_1_270' title='bbox 428 3163 477 3300; x_wconf 57' lang='lat' dir='ltr'>Aeb</span> <span class='ocrx_word' id='word_1_271' title='bbox 499 3241 556 3300; x_wconf 89' lang='lat' dir='ltr'>hoc</span> <span class='ocrx_word' id='word_1_272' title='bbox 578 3240 669 3319; x_wconf 83' lang='lat' dir='ltr'>igitur</span> <span class='ocrx_word' id='word_1_273' title='bbox 689 3258 806 3300; x_wconf 88' lang='lat' dir='ltr'>summo</span> <span class='ocrx_word' id='word_1_274' title='bbox 827 3241 998 3318; x_wconf 81' lang='lat' dir='ltr'>provinciae</span> <span class='ocrx_word' id='word_1_275' title='bbox 1019 3242 1111 3302; x_wconf 90' lang='lat' dir='ltr'>totins</span> <span class='ocrx_word' id='word_1_276' title='bbox 1134 3242 1289 3303; x_wconf 86' lang='lat' dir='ltr'>sacerdote</span> <span class='ocrx_word' id='word_1_277' title='bbox 1303 3244 1393 3321; x_wconf 89' lang='lat' dir='ltr'>plane</span> <span class='ocrx_word' id='word_1_278' title='bbox 1409 3245 1558 3305; x_wconf 87' lang='lat' dir='ltr'>diversum</span> <span class='ocrx_word' id='word_1_279' title='bbox 1574 3245 1670 3306; x_wconf 83' lang='lat' dir='ltr'>fuisse</span> 
     </span>
     <span class='ocr_line' id='line_1_28' title="bbox 344 3341 1669 3424; baseline 0.004 -23"><span class='ocrx_word' id='word_1_280' title='bbox 344 3343 532 3416; x_wconf 81' lang='lat' dir='ltr'>Asiarcham,</span> <span class='ocrx_word' id='word_1_281' title='bbox 553 3341 798 3418; x_wconf 82' lang='lat' dir='ltr'>Bithyniemham</span> <span class='ocrx_word' id='word_1_282' title='bbox 819 3342 1009 3420; x_wconf 85' lang='lat' dir='ltr'>reliquosque</span> <span class='ocrx_word' id='word_1_283' title='bbox 1031 3343 1166 3404; x_wconf 89' lang='lat' dir='ltr'>eiusdem</span> <span class='ocrx_word' id='word_1_284' title='bbox 1190 3345 1308 3421; x_wconf 81' lang='lat' dir='ltr'>generis</span> <span class='ocrx_word' id='word_1_285' title='bbox 1330 3347 1434 3406; x_wconf 88' lang='lat' dir='ltr'>statuit</span> <span class='ocrx_word' id='word_1_286' title='bbox 1455 3346 1669 3424; x_wconf 81' lang='lat' dir='ltr'>Wsddington.</span> 
     </span>
     <span class='ocr_line' id='line_1_29' title="bbox 345 3444 1669 3530; baseline 0.004 -28"><span class='ocrx_word' id='word_1_287' title='bbox 345 3444 477 3504; x_wconf 81' lang='lat' dir='ltr'>Difficile</span> <span class='ocrx_word' id='word_1_288' title='bbox 498 3453 558 3515; x_wconf 85' lang='lat' dir='ltr'>cst,</span> <span class='ocrx_word' id='word_1_289' title='bbox 588 3451 690 3502; x_wconf 88' lang='lat' dir='ltr'>tantae</span> <span class='ocrx_word' id='word_1_290' title='bbox 712 3444 898 3502; x_wconf 79' lang='lat' dir='ltr'>auctoritatis</span> <span class='ocrx_word' id='word_1_291' title='bbox 920 3446 984 3503; x_wconf 85' lang='lat' dir='ltr'>viro</span> <span class='ocrx_word' id='word_1_292' title='bbox 1007 3445 1143 3521; x_wconf 89' lang='lat' dir='ltr'>obloqui,</span> <span class='ocrx_word' id='word_1_293' title='bbox 1166 3447 1218 3504; x_wconf 89' lang='lat' dir='ltr'>sed</span> <span class='ocrx_word' id='word_1_294' title='bbox 1241 3465 1278 3505; x_wconf 92' lang='lat' dir='ltr'>ne</span> <span class='ocrx_word' id='word_1_295' title='bbox 1299 3465 1347 3505; x_wconf 87' lang='lat' dir='ltr'>me</span> <span class='ocrx_word' id='word_1_296' title='bbox 1368 3447 1487 3530; x_wconf 84' lang='lat' dir='ltr'>quidem</span> <span class='ocrx_word' id='word_1_297' title='bbox 1510 3456 1561 3507; x_wconf 87' lang='lat' dir='ltr'>aut</span> <span class='ocrx_word' id='word_1_298' title='bbox 1581 3447 1669 3507; x_wconf 89' lang='lat' dir='ltr'>Kuh-</span> 
     </span>
     <span class='ocr_line' id='line_1_30' title="bbox 343 3544 1667 3627; baseline 0.004 -23"><span class='ocrx_word' id='word_1_299' title='bbox 343 3548 423 3606; x_wconf 86' lang='lat' dir='ltr'>nium</span> <span class='ocrx_word' id='word_1_300' title='bbox 445 3555 555 3605; x_wconf 86' lang='lat' dir='ltr'>temere</span> <span class='ocrx_word' id='word_1_301' title='bbox 576 3544 613 3602; x_wconf 88' lang='lat' dir='ltr'>de</span> <span class='ocrx_word' id='word_1_302' title='bbox 634 3563 723 3603; x_wconf 89' lang='lat' dir='ltr'>aare</span> <span class='ocrx_word' id='word_1_303' title='bbox 744 3544 926 3604; x_wconf 83' lang='lat' dir='ltr'>iudicavisse</span> <span class='ocrx_word' id='word_1_304' title='bbox 948 3547 1105 3622; x_wconf 87' lang='lat' dir='ltr'>apparebit</span> <span class='ocrx_word' id='word_1_305' title='bbox 1121 3564 1161 3604; x_wconf 85' lang='lat' dir='ltr'>ex</span> <span class='ocrx_word' id='word_1_306' title='bbox 1176 3547 1214 3604; x_wconf 90' lang='lat' dir='ltr'>iis</span> <span class='ocrx_word' id='word_1_307' title='bbox 1229 3547 1424 3624; x_wconf 78' lang='lat' dir='ltr'>argumentis,</span> <span class='ocrx_word' id='word_1_308' title='bbox 1445 3566 1523 3625; x_wconf 88' lang='lat' dir='ltr'>quae</span> <span class='ocrx_word' id='word_1_309' title='bbox 1536 3550 1667 3627; x_wconf 88' lang='lat' dir='ltr'>plenius,</span> 
     </span>
     <span class='ocr_line' id='line_1_31' title="bbox 342 3644 1339 3732; baseline 0.001 -26"><span class='ocrx_word' id='word_1_310' title='bbox 342 3666 431 3725; x_wconf 90' lang='lat' dir='ltr'>qnam</span> <span class='ocrx_word' id='word_1_311' title='bbox 453 3649 608 3722; x_wconf 86' lang='lat' dir='ltr'>hucusque</span> <span class='ocrx_word' id='word_1_312' title='bbox 628 3645 739 3704; x_wconf 87' lang='lat' dir='ltr'>factum</span> <span class='ocrx_word' id='word_1_313' title='bbox 762 3655 816 3716; x_wconf 90' lang='lat' dir='ltr'>est,</span> <span class='ocrx_word' id='word_1_314' title='bbox 838 3645 970 3704; x_wconf 84' lang='lat' dir='ltr'>afferam.</span> <span class='ocrx_word' id='word_1_315' title='bbox 1014 3644 1092 3708; x_wconf 87' lang='lat' dir='ltr'>Sunt</span> <span class='ocrx_word' id='word_1_316' title='bbox 1112 3656 1211 3706; x_wconf 88' lang='lat' dir='ltr'>eutem</span> <span class='ocrx_word' id='word_1_317' title='bbox 1233 3647 1339 3732; x_wconf 18' lang='lat' dir='ltr'>haece*</span> 
     </span>
    </p>

    <p class='ocr_par' dir='ltr' id='par_1_6' title="bbox 255 3746 1668 5247">
     <span class='ocr_line' id='line_1_32' title="bbox 427 3746 1666 3830; baseline 0.006 -24"><span class='ocrx_word' id='word_1_318' title='bbox 427 3750 453 3806; x_wconf 91' lang='lat'>1.</span> <span class='ocrx_word' id='word_1_319' title='bbox 489 3747 581 3806; x_wconf 87' lang='lat' dir='ltr'>Asiae</span> <span class='ocrx_word' id='word_1_320' title='bbox 601 3746 774 3822; x_wconf 86' lang='lat' dir='ltr'>provinciae</span> <span class='ocrx_word' id='word_1_321' title='bbox 796 3746 994 3807; x_wconf 87' lang='lat' dir='ltr'>sacerdotium</span> <span class='ocrx_word' id='word_1_322' title='bbox 1016 3767 1077 3808; x_wconf 90' lang='lat' dir='ltr'>non</span> <span class='ocrx_word' id='word_1_323' title='bbox 1098 3747 1249 3808; x_wconf 84' lang='lat' dir='ltr'>diversum</span> <span class='ocrx_word' id='word_1_324' title='bbox 1270 3749 1364 3809; x_wconf 86' lang='lat' dir='ltr'>luisse</span> <span class='ocrx_word' id='word_1_325' title='bbox 1384 3760 1582 3811; x_wconf 84' lang='lat' dir='ltr'>caeterarum</span> <span class='ocrx_word' id='word_1_326' title='bbox 1596 3772 1666 3830; x_wconf 92' lang='lat' dir='ltr'>pro·</span> 
     </span>
     <span class='ocr_line' id='line_1_33' title="bbox 342 3847 1666 3930; baseline 0.004 -22"><span class='ocrx_word' id='word_1_327' title='bbox 342 3849 505 3909; x_wconf 81' lang='lat' dir='ltr'>vincisrum</span> <span class='ocrx_word' id='word_1_328' title='bbox 520 3847 696 3907; x_wconf 85' lang='lat' dir='ltr'>sacerdotiis</span> <span class='ocrx_word' id='word_1_329' title='bbox 707 3847 868 3924; x_wconf 83' lang='lat' dir='ltr'>Papiniani</span> <span class='ocrx_word' id='word_1_330' title='bbox 882 3847 965 3907; x_wconf 89' lang='lat' dir='ltr'>locus</span> <span class='ocrx_word' id='word_1_331' title='bbox 980 3848 1066 3907; x_wconf 90' lang='lat' dir='ltr'>dccet</span> <span class='ocrx_word' id='word_1_332' title='bbox 1078 3849 1150 3926; x_wconf 83' lang='lat' dir='ltr'>Dig.</span> <span class='ocrx_word' id='word_1_333' title='bbox 1164 3850 1214 3920; x_wconf 86' lang='lat'>50,</span> <span class='ocrx_word' id='word_1_334' title='bbox 1225 3850 1254 3922; x_wconf 85' lang='lat'>5,</span> <span class='ocrx_word' id='word_1_335' title='bbox 1267 3850 1284 3910; x_wconf 91' lang='lat'><em>8</em></span> <span class='ocrx_word' id='word_1_336' title='bbox 1299 3871 1344 3928; x_wconf 85' lang='lat' dir='ltr'>pr.</span> <span class='ocrx_word' id='word_1_337' title='bbox 1373 3851 1412 3910; x_wconf 83' lang='lat' dir='ltr'>Ia</span> <span class='ocrx_word' id='word_1_338' title='bbox 1426 3851 1502 3912; x_wconf 80' lang='lat' dir='ltr'>Asia</span> <span class='ocrx_word' id='word_1_339' title='bbox 1512 3857 1666 3930; x_wconf 81' lang='lat' dir='ltr'>prestaria</span> 
     </span>
     <span class='ocr_line' id='line_1_34' title="bbox 341 3951 1665 4032; baseline 0.002 -21"><span class='ocrx_word' id='word_1_340' title='bbox 341 3953 529 4011; x_wconf 70' lang='lat' dir='ltr'>emarcueram</span> <span class='ocrx_word' id='word_1_341' title='bbox 549 3953 693 4024; x_wconf 69' lang='lat' dir='ltr'>suscepere</span> <span class='ocrx_word' id='word_1_342' title='bbox 713 3966 771 4005; x_wconf 76' lang='grc' dir='ltr'>που</span> <span class='ocrx_word' id='word_1_343' title='bbox 792 3959 928 4024; x_wconf 73' lang='lat' dir='ltr'>coquatur</span> <span class='ocrx_word' id='word_1_344' title='bbox 947 3967 1062 4008; x_wconf 87' lang='lat' dir='ltr'>aamero</span> <span class='ocrx_word' id='word_1_345' title='bbox 1085 3951 1237 4010; x_wconf 82' lang='lat' dir='ltr'>liberorum</span> <span class='ocrx_word' id='word_1_346' title='bbox 1251 3954 1375 4029; x_wconf 80' lang='lat' dir='ltr'>quiaque</span> <span class='ocrx_word' id='word_1_347' title='bbox 1389 3953 1513 4024; x_wconf 66' lang='lat' dir='ltr'>sones,</span> <span class='ocrx_word' id='word_1_348' title='bbox 1535 3955 1611 4032; x_wconf 87' lang='lat' dir='ltr'>quod</span> <span class='ocrx_word' id='word_1_349' title='bbox 1625 3987 1665 3998; x_wconf 91' lang='lat'>·-</span> 
     </span>
     <span class='ocr_line' id='line_1_35' title="bbox 343 4048 1667 4129; baseline 0.002 -19"><span class='ocrx_word' id='word_1_350' title='bbox 343 4051 463 4110; x_wconf 75' lang='lat' dir='ltr'>Severus</span> <span class='ocrx_word' id='word_1_351' title='bbox 484 4048 631 4126; x_wconf 61' lang='lat' dir='ltr'>Augustus</span> <span class='ocrx_word' id='word_1_352' title='bbox 657 4050 780 4106; x_wconf 79' lang='lat' dir='ltr'>decreuit</span> <span class='ocrx_word' id='word_1_353' title='bbox 805 4067 841 4108; x_wconf 85' lang='lat' dir='ltr'>oo</span> <span class='ocrx_word' id='word_1_354' title='bbox 857 4061 960 4126; x_wconf 76' lang='lat' dir='ltr'>postea</span> <span class='ocrx_word' id='word_1_355' title='bbox 980 4053 1011 4108; x_wconf 84' lang='lat' dir='ltr'>ia</span> <span class='ocrx_word' id='word_1_356' title='bbox 1032 4056 1130 4111; x_wconf 84' lang='lat' dir='ltr'>ceteris</span> <span class='ocrx_word' id='word_1_357' title='bbox 1147 4056 1310 4129; x_wconf 78' lang='lat' dir='ltr'>prouinciis</span> <span class='ocrx_word' id='word_1_358' title='bbox 1331 4056 1500 4114; x_wconf 62' lang='lat' dir='ltr'>secandam</span> <span class='ocrx_word' id='word_1_359' title='bbox 1520 4073 1580 4118; x_wconf 89' lang='lat' dir='ltr'>esse</span> <span class='ocrx_word' id='word_1_360' title='bbox 1601 4073 1667 4114; x_wconf 85' lang='lat' dir='ltr'>coa-</span> 
     </span>
     <span class='ocr_line' id='line_1_36' title="bbox 341 4147 1666 4232; baseline 0.005 -24"><span class='ocrx_word' id='word_1_361' title='bbox 341 4153 441 4208; x_wconf 85' lang='lat' dir='ltr'>stitas&#39;t.</span> <span class='ocrx_word' id='word_1_362' title='bbox 496 4147 589 4224; x_wconf 83' lang='lat' dir='ltr'>Atqui</span> <span class='ocrx_word' id='word_1_363' title='bbox 618 4148 648 4206; x_wconf 92' lang='lat' dir='ltr'>in</span> <span class='ocrx_word' id='word_1_364' title='bbox 678 4149 784 4208; x_wconf 87' lang='lat' dir='ltr'>ceteris</span> <span class='ocrx_word' id='word_1_365' title='bbox 811 4149 975 4226; x_wconf 80' lang='lat' dir='ltr'>provinciis</span> <span class='ocrx_word' id='word_1_366' title='bbox 1002 4169 1079 4213; x_wconf 87' lang='lat' dir='ltr'>unus</span> <span class='ocrx_word' id='word_1_367' title='bbox 1108 4155 1201 4213; x_wconf 89' lang='lat' dir='ltr'>totius</span> <span class='ocrx_word' id='word_1_368' title='bbox 1232 4155 1402 4232; x_wconf 86' lang='lat' dir='ltr'>provinciae</span> <span class='ocrx_word' id='word_1_369' title='bbox 1430 4155 1571 4216; x_wconf 88' lang='lat' dir='ltr'>sacerdos</span> <span class='ocrx_word' id='word_1_370' title='bbox 1599 4155 1666 4216; x_wconf 82' lang='lat' dir='ltr'>init.</span> 
     </span>
     <span class='ocr_line' id='line_1_37' title="bbox 340 4243 1668 4336; baseline 0.004 -25"><span class='ocrx_word' id='word_1_371' title='bbox 340 4248 455 4311; x_wconf 79' lang='lat' dir='ltr'>(lontra</span> <span class='ocrx_word' id='word_1_372' title='bbox 480 4251 512 4309; x_wconf 89' lang='lat' dir='ltr'>in</span> <span class='ocrx_word' id='word_1_373' title='bbox 534 4248 612 4308; x_wconf 89' lang='lat' dir='ltr'>Asia</span> <span class='ocrx_word' id='word_1_374' title='bbox 637 4251 767 4308; x_wconf 88' lang='lat' dir='ltr'>secundo</span> <span class='ocrx_word' id='word_1_375' title='bbox 794 4253 916 4312; x_wconf 86' lang='lat' dir='ltr'>saeculo</span> <span class='ocrx_word' id='word_1_376' title='bbox 942 4251 958 4320; x_wconf 76' lang='grc' dir='ltr'>ἠ</span> <span class='ocrx_word' id='word_1_377' title='bbox 985 4243 1117 4336; x_wconf 73' lang='grc' dir='ltr'>ἱερωσύνη</span> <span class='ocrx_word' id='word_1_378' title='bbox 1144 4249 1219 4324; x_wconf 67' lang='grc' dir='ltr'><strong><em>κοινὴ</em></strong></span> <span class='ocrx_word' id='word_1_379' title='bbox 1245 4257 1296 4325; x_wconf 64' lang='lat' dir='ltr'>ric</span> <span class='ocrx_word' id='word_1_380' title='bbox 1315 4252 1419 4317; x_wconf 74' lang='grc' dir='ltr'><strong><em>Ἀσίας</em></strong></span> <span class='ocrx_word' id='word_1_381' title='bbox 1443 4256 1668 4336; x_wconf 80' lang='lat' dir='ltr'>intelligebatur</span> 
     </span>
     <span class='ocr_line' id='line_1_38' title="bbox 340 4339 1666 4436; baseline 0.008 -28"><span class='ocrx_word' id='word_1_382' title='bbox 340 4339 494 4435; x_wconf 69' lang='grc' dir='ltr'>ἀρχιερέως</span> <span class='ocrx_word' id='word_1_383' title='bbox 519 4349 719 4410; x_wconf 88' lang='lat' dir='ltr'>sacerdotium</span> <span class='ocrx_word' id='word_1_384' title='bbox 741 4351 784 4427; x_wconf 88' lang='lat' dir='ltr'>(r.</span> <span class='ocrx_word' id='word_1_385' title='bbox 807 4354 952 4414; x_wconf 83' lang='lat' dir='ltr'>Aristidis</span> <span class='ocrx_word' id='word_1_386' title='bbox 974 4354 993 4412; x_wconf 93' lang='lat' dir='ltr'>l.</span> <span class='ocrx_word' id='word_1_387' title='bbox 1015 4353 1052 4430; x_wconf 91' lang='lat' dir='ltr'>l.)</span> <span class='ocrx_word' id='word_1_388' title='bbox 1077 4353 1207 4433; x_wconf 86' lang='lat' dir='ltr'>itemque</span> <span class='ocrx_word' id='word_1_389' title='bbox 1233 4351 1340 4432; x_wconf 76' lang='lat' dir='ltr'>quarto</span> <span class='ocrx_word' id='word_1_390' title='bbox 1368 4359 1491 4418; x_wconf 83' lang='lat' dir='ltr'>saeculo</span> <span class='ocrx_word' id='word_1_391' title='bbox 1513 4356 1666 4436; x_wconf 82' lang='lat' dir='ltr'>Chrysan-</span> 
     </span>
     <span class='ocr_line' id='line_1_39' title="bbox 339 4444 1665 4537; baseline 0.005 -25"><span class='ocrx_word' id='word_1_392' title='bbox 339 4453 420 4513; x_wconf 86' lang='lat' dir='ltr'>thius</span> <span class='ocrx_word' id='word_1_393' title='bbox 441 4444 594 4535; x_wconf 70' lang='grc' dir='ltr'><strong><em>ἆρχννρνὸν</em></strong></span> <span class='ocrx_word' id='word_1_394' title='bbox 611 4451 737 4512; x_wconf 89' lang='lat' dir='ltr'>traditur</span> <span class='ocrx_word' id='word_1_395' title='bbox 750 4447 798 4524; x_wconf 71' lang='grc' dir='ltr'><strong><em>τὴν</em></strong></span> <span class='ocrx_word' id='word_1_396' title='bbox 812 4445 1025 4537; x_wconf 69' lang='grc' dir='ltr'><strong><em>ἀρχιερωσύνην</em></strong></span> <span class='ocrx_word' id='word_1_397' title='bbox 1038 4453 1092 4513; x_wconf 80' lang='grc' dir='ltr'>τοῦ</span> <span class='ocrx_word' id='word_1_398' title='bbox 1105 4451 1209 4518; x_wconf 70' lang='lat' dir='ltr'>carreis</span> <span class='ocrx_word' id='word_1_399' title='bbox 1222 4448 1328 4519; x_wconf 72' lang='grc' dir='ltr'><strong><em>ἔθνους</em></strong></span> <span class='ocrx_word' id='word_1_400' title='bbox 1342 4459 1512 4536; x_wconf 84' lang='lat' dir='ltr'>suscepisse</span> <span class='ocrx_word' id='word_1_401' title='bbox 1534 4459 1665 4537; x_wconf 82' lang='lat' dir='ltr'>(Ennap.</span> 
     </span>
     <span class='ocr_line' id='line_1_40' title="bbox 255 4551 1666 4644; baseline 0.005 -33"><span class='ocrx_word' id='word_1_402' title='bbox 255 4623 262 4640; x_wconf 24' lang='grc' dir='ltr'>ἢ</span> <span class='ocrx_word' id='word_1_403' title='bbox 338 4553 369 4612; x_wconf 93' lang='lat' dir='ltr'>ll.</span> <span class='ocrx_word' id='word_1_404' title='bbox 385 4553 443 4629; x_wconf 89' lang='grc'>11.),</span> <span class='ocrx_word' id='word_1_405' title='bbox 464 4553 552 4612; x_wconf 89' lang='lat' dir='ltr'>tertio</span> <span class='ocrx_word' id='word_1_406' title='bbox 572 4571 643 4612; x_wconf 88' lang='lat' dir='ltr'>vcro</span> <span class='ocrx_word' id='word_1_407' title='bbox 665 4556 787 4615; x_wconf 90' lang='lat' dir='ltr'>sacculo</span> <span class='ocrx_word' id='word_1_408' title='bbox 797 4557 988 4618; x_wconf 86' lang='lat' dir='ltr'>Modestinus</span> <span class='ocrx_word' id='word_1_409' title='bbox 1011 4557 1132 4636; x_wconf 86' lang='lat' dir='ltr'>scripsit</span> <span class='ocrx_word' id='word_1_410' title='bbox 1145 4557 1217 4638; x_wconf 78' lang='lat' dir='ltr'>Dig.</span> <span class='ocrx_word' id='word_1_411' title='bbox 1234 4557 1283 4631; x_wconf 77' lang='lat'>27,</span> <span class='ocrx_word' id='word_1_412' title='bbox 1302 4560 1329 4630; x_wconf 89' lang='lat' dir='ltr'>l,</span> <span class='ocrx_word' id='word_1_413' title='bbox 1345 4558 1363 4618; x_wconf 90' lang='grc'><strong>6</strong></span> <span class='ocrx_word' id='word_1_414' title='bbox 1379 4560 1396 4637; x_wconf 71' lang='grc' dir='ltr'><strong>ξ</strong></span> <span class='ocrx_word' id='word_1_415' title='bbox 1411 4560 1449 4620; x_wconf 78' lang='lat'>14</span> <span class='ocrx_word' id='word_1_416' title='bbox 1470 4551 1576 4621; x_wconf 69' lang='grc' dir='ltr'><strong><em>ἔθνους</em></strong></span> <span class='ocrx_word' id='word_1_417' title='bbox 1589 4560 1666 4644; x_wconf 68' lang='grc' dir='ltr'><strong><em>ἱερω-</em></strong></span> 
     </span>
     <span class='ocr_line' id='line_1_41' title="bbox 340 4646 1666 4742; baseline 0.006 -30"><span class='ocrx_word' id='word_1_418' title='bbox 340 4646 409 4724; x_wconf 68' lang='grc' dir='ltr'><strong><em>σύνη</em></strong></span> <span class='ocrx_word' id='word_1_419' title='bbox 438 4653 496 4732; x_wconf 89' lang='lat' dir='ltr'>(sic</span> <span class='ocrx_word' id='word_1_420' title='bbox 522 4663 602 4714; x_wconf 90' lang='lat' dir='ltr'>recte</span> <span class='ocrx_word' id='word_1_421' title='bbox 623 4654 810 4732; x_wconf 88' lang='lat' dir='ltr'>Politianus‚</span> <span class='ocrx_word' id='word_1_422' title='bbox 839 4650 991 4742; x_wconf 64' lang='grc' dir='ltr'>,ἱεραρχία</span> <span class='ocrx_word' id='word_1_423' title='bbox 1016 4667 1096 4718; x_wconf 84' lang='lat' dir='ltr'>certe</span> <span class='ocrx_word' id='word_1_424' title='bbox 1122 4677 1182 4718; x_wconf 93' lang='lat' dir='ltr'>non</span> <span class='ocrx_word' id='word_1_425' title='bbox 1208 4659 1319 4738; x_wconf 77' lang='lat' dir='ltr'>legitor</span> <span class='ocrx_word' id='word_1_426' title='bbox 1338 4661 1371 4721; x_wconf 92' lang='lat' dir='ltr'>in</span> <span class='ocrx_word' id='word_1_427' title='bbox 1393 4660 1582 4735; x_wconf 85' lang='lat' dir='ltr'>Florentino,</span> <span class='ocrx_word' id='word_1_428' title='bbox 1609 4663 1666 4720; x_wconf 89' lang='lat' dir='ltr'>hoc</span> 
     </span>
     <span class='ocr_line' id='line_1_42' title="bbox 339 4747 1667 4847; baseline 0.005 -33"><span class='ocrx_word' id='word_1_429' title='bbox 339 4755 405 4815; x_wconf 75' lang='lat' dir='ltr'>loos)</span> <span class='ocrx_word' id='word_1_430' title='bbox 426 4755 573 4816; x_wconf 77' lang='lat' dir='ltr'>evanido“</span> <span class='ocrx_word' id='word_1_431' title='bbox 595 4755 775 4833; x_wconf 82' lang='lat' dir='ltr'>Mommsen)</span> <span class='ocrx_word' id='word_1_432' title='bbox 798 4747 853 4815; x_wconf 78' lang='grc' dir='ltr'><strong><em>οἷον</em></strong></span> <span class='ocrx_word' id='word_1_433' title='bbox 871 4751 1045 4844; x_wconf 58' lang='lat' dir='ltr'>’Arsapqqim</span> <span class='ocrx_word' id='word_1_434' title='bbox 1066 4753 1279 4844; x_wconf 69' lang='lat' dir='ltr'>BsSovsopqqs&#39;c,</span> <span class='ocrx_word' id='word_1_435' title='bbox 1300 4753 1572 4847; x_wconf 66' lang='grc' dir='ltr'>Καππαδοκαρχοά,</span> <span class='ocrx_word' id='word_1_436' title='bbox 1592 4784 1667 4847; x_wconf 69' lang='grc' dir='ltr'>πορ-</span> 
     </span>
     <span class='ocr_line' id='line_1_43' title="bbox 337 4847 1666 4944; baseline 0.008 -32"><span class='ocrx_word' id='word_1_437' title='bbox 337 4847 404 4932; x_wconf 70' lang='grc' dir='ltr'>ἒχεο</span> <span class='ocrx_word' id='word_1_438' title='bbox 431 4848 664 4938; x_wconf 71' lang='grc' dir='ltr'><strong><em>ἀλιντουργηοῖαν</em></strong></span> <span class='ocrx_word' id='word_1_439' title='bbox 688 4852 745 4914; x_wconf 76' lang='lat' dir='ltr'>sind</span> <span class='ocrx_word' id='word_1_440' title='bbox 771 4857 941 4941; x_wconf 75' lang='grc' dir='ltr'>ν’ποτροπαῒν,</span> <span class='ocrx_word' id='word_1_441' title='bbox 968 4855 1043 4918; x_wconf 82' lang='grc' dir='ltr'><strong><em>τοῦτ’</em></strong></span> <span class='ocrx_word' id='word_1_442' title='bbox 1065 4851 1141 4918; x_wconf 65' lang='grc' dir='ltr'><strong><em>ἔστιν</em></strong></span> <span class='ocrx_word' id='word_1_443' title='bbox 1161 4850 1214 4924; x_wconf 68' lang='grc' dir='ltr'>ἕως</span> <span class='ocrx_word' id='word_1_444' title='bbox 1234 4858 1273 4919; x_wconf 80' lang='grc' dir='ltr'><strong><em>οἷν.</em></strong></span> <span class='ocrx_word' id='word_1_445' title='bbox 1290 4849 1387 4944; x_wconf 66' lang='grc' dir='ltr'><strong>ἄρχῃ,</strong></span> <span class='ocrx_word' id='word_1_446' title='bbox 1412 4881 1489 4941; x_wconf 85' lang='lat' dir='ltr'>quae</span> <span class='ocrx_word' id='word_1_447' title='bbox 1514 4863 1666 4924; x_wconf 83' lang='lat' dir='ltr'>dissensio</span> 
     </span>
     <span class='ocr_line' id='line_1_44' title="bbox 338 4953 1665 5046; baseline 0.006 -30"><span class='ocrx_word' id='word_1_448' title='bbox 338 4973 397 5016; x_wconf 87' lang='lat' dir='ltr'>uon</span> <span class='ocrx_word' id='word_1_449' title='bbox 425 4956 512 5016; x_wconf 81' lang='lat' dir='ltr'>video</span> <span class='ocrx_word' id='word_1_450' title='bbox 537 4957 688 5032; x_wconf 88' lang='lat' dir='ltr'>quomodo</span> <span class='ocrx_word' id='word_1_451' title='bbox 716 4959 856 5036; x_wconf 89' lang='lat' dir='ltr'>componi</span> <span class='ocrx_word' id='word_1_452' title='bbox 884 4961 996 5038; x_wconf 90' lang='lat' dir='ltr'>possit,</span> <span class='ocrx_word' id='word_1_453' title='bbox 1024 4962 1084 5021; x_wconf 87' lang='lat' dir='ltr'>nisi</span> <span class='ocrx_word' id='word_1_454' title='bbox 1107 4953 1270 5046; x_wconf 56' lang='grc' dir='ltr'><strong><em>’Λα-νάρκην</em></strong></span> <span class='ocrx_word' id='word_1_455' title='bbox 1296 4963 1425 5024; x_wconf 86' lang='lat' dir='ltr'>eundem</span> <span class='ocrx_word' id='word_1_456' title='bbox 1451 4965 1548 5025; x_wconf 82' lang='lat' dir='ltr'>fuisse</span> <span class='ocrx_word' id='word_1_457' title='bbox 1574 4975 1665 5042; x_wconf 86' lang='lat' dir='ltr'>atque</span> 
     </span>
     <span class='ocr_line' id='line_1_45' title="bbox 337 5047 1665 5144; baseline 0.011 -32"><span class='ocrx_word' id='word_1_458' title='bbox 337 5047 484 5139; x_wconf 65' lang='grc' dir='ltr'>ἀρχιερέα,</span> <span class='ocrx_word' id='word_1_459' title='bbox 496 5063 621 5118; x_wconf 64' lang='lat' dir='ltr'>statum</span> <span class='ocrx_word' id='word_1_460' title='bbox 657 5057 770 5120; x_wconf 86' lang='lat' dir='ltr'>Verum</span> <span class='ocrx_word' id='word_1_461' title='bbox 791 5069 846 5132; x_wconf 85' lang='lat' dir='ltr'>est,</span> <span class='ocrx_word' id='word_1_462' title='bbox 869 5061 1034 5122; x_wconf 84' lang='lat' dir='ltr'>Asiarchae</span> <span class='ocrx_word' id='word_1_463' title='bbox 1056 5079 1152 5141; x_wconf 87' lang='lat' dir='ltr'>usqne</span> <span class='ocrx_word' id='word_1_464' title='bbox 1172 5063 1210 5126; x_wconf 86' lang='lat' dir='ltr'>ad</span> <span class='ocrx_word' id='word_1_465' title='bbox 1226 5083 1293 5125; x_wconf 84' lang='lat' dir='ltr'>eam</span> <span class='ocrx_word' id='word_1_466' title='bbox 1307 5074 1436 5128; x_wconf 85' lang='lat' dir='ltr'>aetatem</span> <span class='ocrx_word' id='word_1_467' title='bbox 1450 5067 1665 5144; x_wconf 85' lang='lat' dir='ltr'>permansisse,</span> 
     </span>
     <span class='ocr_line' id='line_1_46' title="bbox 337 5153 1665 5247; baseline 0.01 -32"><span class='ocrx_word' id='word_1_468' title='bbox 337 5174 414 5232; x_wconf 85' lang='lat' dir='ltr'>qus,</span> <span class='ocrx_word' id='word_1_469' title='bbox 442 5153 556 5218; x_wconf 81' lang='lat' dir='ltr'>Christi</span> <span class='ocrx_word' id='word_1_470' title='bbox 584 5157 667 5219; x_wconf 88' lang='lat' dir='ltr'>cultu</span> <span class='ocrx_word' id='word_1_471' title='bbox 693 5160 878 5232; x_wconf 86' lang='lat' dir='ltr'>introducto,</span> <span class='ocrx_word' id='word_1_472' title='bbox 907 5181 1004 5242; x_wconf 87' lang='lat' dir='ltr'>neque</span> <span class='ocrx_word' id='word_1_473' title='bbox 1032 5165 1194 5244; x_wconf 74' lang='lat' dir='ltr'>gentilibus</span> <span class='ocrx_word' id='word_1_474' title='bbox 1222 5166 1281 5227; x_wconf 89' lang='lat' dir='ltr'>diis</span> <span class='ocrx_word' id='word_1_475' title='bbox 1308 5184 1408 5245; x_wconf 83' lang='lat' dir='ltr'>usqae</span> <span class='ocrx_word' id='word_1_476' title='bbox 1434 5167 1665 5247; x_wconf 85' lang='lat' dir='ltr'>imperatoribus</span> 
     </span>
    </p>
   </div>
   <div class='ocr_carea' id='block_1_5' title="bbox 0 0 1876 5826">
    <p class='ocr_par' dir='ltr' id='par_1_7' title="bbox 0 0 1876 5826">
     <span class='ocr_line' id='line_1_47' title="bbox 0 0 1876 5826; baseline 0 4"><span class='ocrx_word' id='word_1_477' title='bbox 0 0 1876 5826; x_wconf 95' lang='lat' dir='ltr'> </span> 
     </span>
    </p>
   </div>
  </div>
 </body>
</html>
