3736 5822
180 2115 266 2229 Cum
291 2184 330 2229 ec
353 2169 547 2248 perventum
571 2170 670 2245 esset,
694 2171 732 2228 ut
753 2163 986 2249 inscriptiones
1009 2163 1150 2230 Latinae
1173 2183 1233 2249 per
1254 2163 1319 2228 tria
1340 2163 1408 2229 lere
1432 2185 1503 2231 sae·

180 2277 251 2343 cula
262 2277 434 2366 neglectae
451 2285 484 2342 et
497 2285 627 2342 tantum
644 2300 711 2342 non
726 2277 903 2344 derelictae
918 2277 1051 2365 publice
1062 2277 1195 2365 prodire
1206 2279 1390 2364 inciperent
1403 2301 1504 2365 opera

180 2413 302 2474 eorum,
326 2415 409 2478 quos
432 2390 615 2457 Academia
637 2391 857 2460 Scientiarnm
874 2391 1099 2459 Berolinensis
1122 2394 1152 2460 ei
1175 2394 1310 2482 negotio
1334 2394 1504 2479 praefecit,

180 2506 334 2572 collectae
362 2507 553 2593 recognitae
582 2516 801 2594 expurgatae,
832 2507 937 2573 eidem
960 2508 1161 2574 Academiae
1189 2509 1296 2574 visum
1327 2518 1377 2574 est
1405 2531 1504 2594 quam

178 2621 317 2706 primum
341 2643 454 2686 curam
477 2643 587 2708 agere,
610 2629 648 2686 ut
671 2631 787 2706 postea
808 2630 958 2709 repertae
980 2622 1060 2688 item
1082 2631 1356 2708 componerentur
1371 2623 1504 2708 supple-

178 2745 426 2821 mentorumque
449 2735 606 2822 deinceps
625 2735 827 2801 edendorum
842 2747 1010 2823 tamquam
1027 2736 1189 2822 quaedam
1208 2736 1423 2803 fundamenta
1439 2748 1504 2804 sta-

178 2850 235 2914 tim
258 2850 453 2914 iacerentur.
498 2843 587 2914 Nam
610 2858 647 2914 ut
671 2850 700 2915 ei
724 2852 781 2936 qui
804 2851 938 2916 domum
962 2851 1149 2918 aedificavit
1169 2853 1249 2918 item
1272 2851 1441 2934 incumbit,
1468 2861 1505 2917 ut

178 2964 264 3030 iusto
287 2972 436 3049 tempore
459 2964 622 3029 instauret
645 2987 716 3029 eam
740 2972 774 3030 et
795 2965 934 3050 reliciat,
957 2967 1004 3031 ita
1027 2967 1083 3053 qui
1106 2967 1267 3032 eiusmodi
1289 2988 1410 3052 corpus
1427 2989 1505 3032 con·

178 3078 272 3161 dunt,
294 3079 462 3165 ingentem
484 3078 631 3144 laborem
654 3078 761 3164 perire
785 3079 896 3146 sinunt
920 3090 953 3146 et
976 3081 1065 3167 quod
1087 3081 1211 3147 lactum
1227 3091 1278 3146 est
1292 3103 1407 3147 rursus
1423 3105 1505 3166 quo·

179 3191 354 3257 dammodo
382 3193 539 3257 infectum
566 3191 727 3275 reddunt,
756 3193 783 3258 si
812 3216 883 3260 eam
912 3217 1023 3260 curam
1051 3205 1200 3281 tempore
1228 3195 1314 3261 finiri
1336 3196 1506 3281 patiuntur

178 3329 238 3373 sua
271 3315 391 3372 natura
420 3316 612 3392 perpetuam
645 3329 752 3393 neque
783 3308 981 3396 intellegunt
1010 3330 1095 3394 opus
1125 3331 1197 3374 esse
1226 3317 1358 3396 praeter
1386 3331 1505 3394 corpus

177 3421 287 3508 ipsum
314 3419 545 3487 additamentis
574 3421 616 3486 ad
643 3421 677 3486 id
706 3422 881 3487 continuis.
927 3421 1022 3486 Haec
1051 3421 1138 3486 enim
1166 3429 1216 3487 est
1239 3421 1357 3486 borum
1381 3423 1506 3487 studio-

176 3559 250 3601 rum
279 3535 445 3619 condici0,
476 3545 514 3600 ut
541 3558 625 3620 quae
654 3535 801 3622 quotidie
832 3533 1032 3600 effodiuntur
1060 3543 1128 3600 tam
1150 3535 1184 3598 in
1206 3534 1304 3600 ltalia
1326 3557 1425 3618 quam
1447 3557 1507 3620 per

176 3650 306 3736 imperii
328 3649 468 3716 Romani
496 3650 586 3735 quod
614 3649 907 3736 improvinciae,
936 3671 976 3715 ea
1006 3649 1033 3715 si
1064 3648 1194 3735 quidem
1219 3649 1331 3714 statim
1355 3648 1506 3730 eduntur,

176 3765 367 3830 inserantur
390 3763 654 3852 ephemeridibus
677 3763 885 3850 potissimum
910 3772 944 3829 et
966 3763 1207 3830 academiarum
1227 3764 1387 3829 maiorum
1402 3765 1507 3829 mino·

176 3901 292 3945 rumve
321 3879 403 3945 actis
432 3887 465 3944 et
491 3878 613 3945 libellis
640 3878 674 3942 in
697 3878 943 3964 municipalium
966 3879 1078 3965 potius
1103 3889 1136 3944 et
1159 3879 1408 3965 provincialium
1432 3903 1507 3966 gra-

175 3994 258 4060 tiam
290 4016 389 4079 quam
419 3993 621 4059 eruditorum
651 3993 796 4057 omnium
825 3993 972 4079 scriptis,
1002 4002 1175 4080 praeterea
1201 3993 1306 4058 multa
1329 4016 1442 4058 eorum
1465 4015 1507 4058 ne

174 4107 342 4193 prodeant
366 4107 510 4193 quidem,
534 4129 609 4172 cum
632 4107 764 4172 occasio
788 4106 907 4172 edendi
930 4107 1072 4173 deficiat.
1119 4108 1174 4174 Ita
1196 4106 1245 4190 lit,
1268 4117 1306 4172 ut
1329 4129 1414 4193 quae
1438 4109 1506 4172 sors

174 4223 299 4288 obtulit
322 4223 514 4309 plerumque
536 4229 615 4308 post
637 4244 741 4286 annos
764 4221 895 4286 demum
918 4222 958 4287 iis
980 4222 1189 4288 innotescant
1205 4244 1344 4307 quorum
1358 4223 1506 4287 interest.

174 4335 268 4404 Sane
298 4337 354 4421 qui
382 4337 417 4401 in
445 4337 498 4402 bis
525 4335 644 4402 studiis
674 4359 809 4420 operam
837 4337 952 4422 posuit
980 4337 1008 4402 si
1038 4337 1216 4424 cogitabit,
1247 4360 1312 4423 qua
1338 4337 1507 4402 molitione

173 4473 263 4538 opus
290 4450 376 4517 foret
399 4451 442 4516 ad
464 4452 715 4536 inscriptionum
744 4473 804 4536 per
831 4450 893 4516 hos
924 4449 1037 4516 decem
1066 4475 1170 4518 annos
1198 4453 1366 4538 proximos
1394 4451 1508 4515 inven-

173 4573 287 4630 tarum
310 4565 429 4630 iustam
452 4567 604 4631 notitiam
629 4563 901 4650 comparandam,
929 4588 996 4630 non
1018 4567 1169 4653 negabit,
1192 4567 1257 4632 nisi
1281 4587 1359 4630 cura
1382 4561 1508 4644 eadem,

176 4700 246 4763 qua
275 4679 317 4744 ad
347 4701 466 4767 corpus
480 4679 746 4766 'inscriptionum
769 4669 965 4744 Latinarum
992 4679 1126 4746 tandem
1157 4678 1334 4764 aliquando
1358 4676 1508 4762 perveni-

176 4815 267 4874 mus,
289 4803 367 4878 post
388 4795 424 4860 id
447 4795 636 4861 absolutum
659 4805 792 4861 strenue
816 4795 1037 4875 continuetur,
1059 4804 1137 4880 post
1160 4794 1242 4860 alios
1265 4792 1380 4858 decem
1404 4813 1508 4855 annos

178 4905 219 4969 in
240 4906 507 4992 inscriptionibus
532 4907 588 4992 qui
612 4909 781 4976 elaborent
804 4931 917 4975 rursus
940 4909 1125 4975 nescituros
1149 4931 1232 4993 esse,
1255 4909 1509 4974 instrumentum

185 5021 407 5086 necessarium
430 5021 518 5087 unde
543 5032 681 5087 sumant.

1269 5134 1303 5193 l*
