3736 5822
642 529 724 582 VOL.
740 531 755 582 1
773 531 1128 594 ANTIQVISSIMARVM.

686 803 886 866 VASOVLA
908 803 1090 865 canatis.

226 958 268 1020 'ia
278 959 309 1018 in
320 966 405 1037 parte
416 959 557 1017 interiore
568 959 698 1037 patellae
708 968 860 1020 cretaceac
869 960 971 1038 nigrae
982 961 1091 1020 litteris
1102 961 1339 1038 prominentibus
1349 963 1429 1023 circa
1440 965 1551 1042 figuras

265 1060 432 1120 Bacchicae
454 1078 581 1138 pompae
603 1061 640 1118 ad
662 1060 828 1120 aediculam
850 1061 1000 1121 tendentis
1016 1062 1155 1121 similiter
1169 1063 1266 1123 forma
1279 1065 1453 1143 impressas.
1490 1066 1551 1125 Ini-

266 1159 339 1220 tium
362 1168 392 1222 et
412 1161 481 1220 finis
501 1161 706 1240 inscriptionis
728 1163 817 1222 trium
833 1163 998 1222 litterarum
1013 1164 1076 1222 iere
1090 1163 1189 1244 spatio
1205 1165 1347 1228 distincta
1361 1176 1439 1227 sunt.
1475 1167 1550 1246 Rep.

267 1261 453 1339 Tafq¹¹¹⁰¹¹⁸·
584 1317 617 1358 a·
633 1314 805 1360 caucasios
820 1329 828 1344 ·
845 1318 860 1359 ι
874 1330 882 1345 ·
898 1317 1030 1360 arcear
1042 1331 1049 1346 ·
1063 1317 1201 1362 marsos

225 1432 264 1493 0.
285 1433 444 1492 Benndorf
461 1434 544 1492 Ball.
567 1433 636 1494 dcil'
655 1435 726 1494 Iast.
751 1434 829 1495 1866
851 1457 882 1516 p.
898 1435 957 1495 243
981 1437 1032 1514 qui
1054 1437 1139 1496 vidit.

266 1639 283 1698 b
298 1639 351 1716 (=
363 1640 389 1712 Ι,
402 1641 457 1717 53)
470 1641 502 1700 in
517 1642 612 1701 altera
627 1643 727 1716 simili,
743 1662 782 1702 ex
797 1661 858 1720 qua
870 1645 969 1704 media
981 1653 1098 1722 prostat
1110 1643 1205 1706 Sileni
1220 1646 1317 1723 ligura
1327 1645 1459 1722 dimidia,
1475 1649 1553 1712 circs

225 1757 313 1816 quam
340 1741 496 1819 inscriptio
522 1751 570 1803 est
590 1753 671 1802 serto
694 1744 885 1803 circumdata
929 1745 1004 1822 Rep.
1027 1744 1122 1805 Caere
1143 1765 1170 1804 a.
1191 1747 1284 1820 1834,
1311 1767 1391 1808 nanc
1411 1749 1552 1810 adserva·

224 1849 272 1900 tur
292 1841 421 1903 Parisiis
443 1846 475 1904 in
496 1863 601 1904 museo
623 1847 788 1904 monetario
809 1846 931 1923 publico
953 1846 1031 1904 male
1052 1847 1198 1906 restituta.

637 1984 651 2023 i.
668 1979 819 2023 caaosmv
834 1979 994 2032 ·ts.sst:1t
1009 1993 1016 2008 ·
1032 1981 1148 2024 caesar

223 2077 308 2139 Haec
333 2080 444 2158 legitur
468 2082 494 2156 Ι,
509 2083 549 2142 53
575 2084 619 2143 sic
640 2091 673 2142 ut
693 2082 807 2142 vasculi
829 2084 1063 2142 resarcinatores
1085 2101 1150 2142 eam
1172 2082 1252 2143 male
1273 2094 1503 2161 composuerant
1523 2094 1554 2148 et

223 2179 486 2258 interpolaverunt.
535 2186 682 2244 Accurate
708 2185 843 2260 inspecto
871 2185 992 2244 vasculo
1019 2184 1213 2244 Detlessenus
1240 2183 1397 2259 (Gerhard
1423 2187 1551 2247 arctici.

223 2279 345 2359 Zaitaap
363 2283 440 2342 1863
462 2305 492 2363 p.
510 2285 586 2361 w)
608 2286 758 2344 intellexit
778 2285 867 2343 hodie
889 2304 948 2344 non
972 2303 1129 2361 superesse
1152 2304 1191 2343 ex
1213 2287 1337 2361 antiqua
1357 2287 1553 2366 inscriptione

224 2382 283 2440 nisi
308 2403 346 2442 ea
371 2401 448 2460 quaa
474 2404 567 2462 supra
591 2386 661 2445 dedi
682 2385 790 2454 litteris
811 2387 916 2458 rectis3
943 2405 1020 2463 quae
1042 2386 1151 2445 dantur
1170 2387 1338 2459 inclinatis,
1364 2400 1554 2450 accesserunt

225 2502 263 2542 ex
284 2486 425 2562 exemplo
445 2486 655 2560 Krameriano‚
677 2489 730 2563 qui
750 2487 896 2564 quaedam
921 2488 994 2546 vidit
1015 2497 1122 2563 postea
1142 2487 1306 2565 deperdita.
1349 2488 1444 2547 Plura
1463 2506 1553 2565 quam

224 2585 426 2663 supplevimus
452 2589 581 2665 spatium
605 2589 739 2667 recipere
761 2588 958 2648 Detlefsenus
984 2590 1119 2666 negavit;
1147 2591 1291 2667 scriptum
1311 2588 1406 2649 luisse
1428 2607 1553 2650 necessa

224 2705 291 2746 esse
318 2687 349 2744 in
371 2695 450 2748 testa
470 2704 627 2754 caaousrv
648 2699 679 2748 et
701 2705 832 2756 cauauv.
876 2687 975 2764 [Quae
997 2690 1069 2748 olim
1091 2699 1196 2752 contra
1212 2689 1421 2750 Detleisenum
1444 2690 1554 2768 scripsi

225 2787 246 2844 l.
266 2805 290 2845 c.
314 2807 343 2864 p.
360 2788 399 2849 78
422 2799 520 2849 motus
543 2792 688 2868 singulari
709 2791 870 2850 admodum
893 2797 923 2850 et
943 2809 1038 2867 paene
1059 2791 1185 2848 mirifica
1206 2791 1335 2850 nominis
1356 2791 1465 2864 forma,
1493 2794 1553 2850 iam

224 2888 353 2948 refutata
374 2899 443 2949 sunt
463 2901 582 2968 reperto
605 2893 729 2952 vasculo
751 2891 843 2952 simili
865 2911 901 2949 co
923 2891 1004 2968 quod
1025 2891 1118 2950 edidit
1138 2891 1348 2952 Benndorfius.
1386 2891 1446 2952 Ta.
1463 2892 1516 2968 Μ,]

226 3092 273 3154 8η
297 3096 406 3157 litteris
427 3099 458 3156 in
479 3099 624 3158 circulum
646 3100 797 3171 formatis,
824 3099 878 3158 sed
902 3109 935 3159 ut
955 3099 993 3158 de
1013 3099 1161 3175 principio
1183 3107 1299 3157 constet
1319 3107 1443 3176 propter
1465 3117 1554 3157 orna-

266 3206 366 3257 menta
385 3201 577 3279 interposita,
603 3220 664 3260 non
686 3201 823 3278 scriptis,
851 3199 905 3260 sed
926 3200 1083 3278 signaculo
1105 3200 1274 3276 impressis,
1300 3207 1334 3258 ut
1354 3198 1552 3276 promineant,

266 3299 297 3358 in
317 3300 444 3377 patellae
464 3312 616 3362 cretaceac
637 3302 741 3378 nigrae
762 3301 863 3361 fundo.
906 3300 981 3378 Rep.
1004 3299 1193 3376 Tarquiniis,
1219 3317 1297 3358 nuuc
1317 3299 1499 3377 Petroburgi
1521 3300 1552 3358 iu

267 3417 380 3460 mum·
511 3455 610 3498 avrrvs
625 3467 633 3484 ·
648 3453 777 3498 onerato
793 3466 801 3482 ·
816 3454 857 3497 c·
874 3453 911 3496 s·
927 3451 1060 3494 clarisve
1076 3464 1083 3479 ·
1100 3449 1160 3493 unc
1201 3449 1265 3492 ru·

227 3580 246 3626 c
268 3565 383 3626 litterae
404 3569 485 3627 verbi
506 3585 566 3628 auc
586 3569 716 3628 sortasse
739 3586 747 3628 1
770 3566 944 3644 inscriptam
966 3583 1034 3624 esse
1056 3564 1181 3623 adnotat
1202 3562 1372 3622 Hennenus.

266 3775 284 3832 d
310 3774 341 3834 in
362 3777 458 3835 altera
478 3777 569 3835 simili
591 3777 697 3837 litteris
720 3775 892 3834 melioribus
916 3773 1026 3833 ibidem
1048 3793 1110 3851 rep.
1132 3771 1300 3848 ibidemque
1323 3789 1402 3832 nuno
1423 3781 1552 3831 servata.
1599 3760 1606 3771 ⁸

544 3911 634 3954 rarvs
649 3925 657 3941 ·
672 3911 837 3956 oraturus·
854 3909 874 3954 c
889 3923 896 3940 ·
912 3907 928 3952 s
947 3909 959 3970 1
979 3906 1110 3952 manave
1126 3885 1233 3950 ἔπειτ

268 4102 334 4162 cin
354 4103 443 4162 tertia
464 4103 555 4164 simili
576 4103 687 4163 ibidem
708 4123 770 4181 rep.

543 4237 638 4282 asrvs
653 4252 660 4266 ·
676 4237 804 4282 casamo
821 4250 828 4266 ·
844 4223 886 4280 cll
907 4234 1038 4280 catesvs
1053 4247 1061 4263 ·
1076 4232 1184 4277 srcrr·
1199 4231 1241 4275 a·

227 4358 246 4400 a
266 4340 366 4401 littera
391 4341 521 4402 nominis
544 4358 636 4401 natvs
663 4342 728 4400 eius
749 4341 864 4399 formae
886 4348 932 4398 est
953 4347 986 4397 ut
1006 4355 1102 4416 paene
1123 4353 1178 4412 pro
1198 4353 1223 4395 a
1244 4335 1348 4394 baberi
1369 4336 1480 4414 possit3
1506 4333 1553 4393 lit-

226 4450 307 4503 terae
327 4459 395 4502 τ·ε
415 4445 448 4502 in
470 4444 529 4502 fine
549 4445 705 4503 restitutae
727 4452 798 4502 sunt
819 4441 857 4499 ab
879 4459 914 4498 eo
935 4439 987 4516 qui
1009 4437 1150 4517 patellam
1170 4437 1295 4496 fractam
1317 4436 1484 4495 resarcivit.

267 4545 402 4604 Primam
435 4551 464 4603 et
491 4544 651 4604 secundam
684 4543 844 4619 descripsit
871 4541 1033 4600 Honaenus
1061 4539 1143 4597 Ball.
1175 4538 1241 4596 dett'
1269 4542 1334 4596 inat.
1364 4536 1444 4596 orci.
1475 4535 1553 4594 1871

227 4663 256 4720 p.
275 4645 343 4716 153,
368 4646 487 4704 tertiam
509 4645 547 4706 0.
571 4644 727 4704 Benndorl
743 4631 856 4702 ibidem
881 4641 960 4700 1866
981 4661 1011 4718 p.
1028 4638 1099 4698 348.

268 4747 357 4804 Rotas
378 4764 487 4806 nomen
507 4746 539 4805 id
560 4747 659 4824 ipsum
680 4743 827 4822 estquod
850 4758 968 4800 ansvvs
990 4741 1129 4801 scribitur
1150 4739 1176 4798 1.
1196 4736 1293 4813 Neap.
1315 4735 1395 4796 2383
1405 4754 1450 4812 sq.
1474 4737 1554 4797 5456

229 4856 403 4922 usurpatam
424 4847 467 4906 ibi
489 4848 526 4906 da
547 4847 718 4907 hominibus
739 4843 922 4916 condicionis
942 4843 1112 4902 libertinae.
1149 4837 1344 4899 Gentilicium
1365 4855 1472 4897 nomen
1488 4856 1556 4896 eum

233 4945 321 5020 adsit,
349 4947 495 5006 elementa
520 4965 597 5022 quae
624 4955 694 5006 sunt
720 4960 792 5006 c·s
821 4943 1050 5020 explicationem
1079 4960 1156 5019 quae
1184 4949 1293 5017 sponte
1318 4957 1350 5000 se
1377 4940 1465 4998 offert
1498 4937 1557 4996 Gai

235 5061 327 5104 sasas
360 5066 420 5106 non
450 5047 612 5122 recipiunt,
648 5057 682 5106 ut
712 5047 842 5106 fortasse
868 5043 1058 5122 cogitandum
1086 5043 1126 5101 sit
1155 5040 1192 5100 de
1219 5040 1465 5119 interpretatione
1495 5027 1557 5094 cam

240 5147 304 5202 sais.
325 5177 366 5190 -
390 5129 439 5206 De
465 5165 605 5208 vasorum
630 5148 765 5208 fictilium
790 5147 912 5207 fabricis
935 5143 1099 5221 Campanis
1127 5142 1165 5202 cl.
1192 5141 1367 5220 Marquardt
1392 5131 1556 5197 Haadbact
