3712 5838
924 589 1105 642 ttohtatshh'

753 760 768 833 r]
823 755 942 840 [Quale]
997 752 1044 820 utel
1097 758 1123 837 [ὅ
1177 752 1275 833 δῆμος]

754 857 960 948 [Chrsalus-stau
1095 851 1277 942 [Γλαφύραν]

751 956 971 1046 Ἀ[ρ]χ[ε]λᾶου
992 954 1158 1046 θυτγῂιτέρα
1178 953 1277 1036 Ἥβα]

755 1067 892 1144 ‘fucraldus
993 1062 1093 1148 ἆρετνῖς
1183 1051 1276 1138 ἕνεκα]

352 1213 447 1275 Simul
468 1211 604 1270 videntur
619 1208 746 1268 dedicati
766 1223 834 1264 esse
850 1205 930 1263 tituli
945 1204 1004 1262 duo
1019 1201 1080 1275 alii,
1103 1201 1179 1260 alter
1192 1201 1287 1278 patris
1306 1201 1404 1260 editus
1416 1193 1485 1276 Ἐφ.
1501 1194 1574 1282 deit·
1592 1197 1681 1270 1024,

351 1336 370 1374 a
389 1314 542 1374 Kochlcro
566 1313 608 1370 sic
632 1309 813 1384 descriptus:

882 1467 908 1498 υ
928 1467 938 1496 r
963 1475 985 1498 n
1000 1469 1022 1497 rr
1041 1445 1062 1496 Η
1081 1443 1141 1496 ΕΞ

882 1544 1140 1599 ΧΕΛΑΟΝΦΙΛΟ

884 1645 1142 1700 ΞΝΕΚΑΤΗΣΕΙΣ

352 1807 440 1866 quem
468 1786 590 1863 explent
622 1785 734 1844 nummi
766 1781 846 1858 apud
873 1781 1050 1840 Eckhclium
1078 1780 1111 1853 3,
1142 1778 1199 1837 201
1234 1786 1263 1838 et
1289 1779 1472 1837 Mionnetum
1499 1778 1527 1849 4,
1556 1777 1624 1836 453.
1654 1774 1682 1849 7,

311 1913 315 1926 ⁴
353 1889 411 1948 722
434 1888 571 1962 lnflcrlpll
594 1887 652 1945 sic:
684 1887 859 1942 ΒΑΣΙΛΕΩΕ
883 1885 1078 1938 ΑΡΧΕΛΑΟΥ
1100 1883 1384 1939 ΦΙΛΟΠΑΤΡΙΔΟΕ
1404 1882 1485 1936 ΤΟΥ
1507 1882 1683 1949 ΚΤΙΕΤΟΥ,

351 1991 426 2049 alter
447 1990 548 2048 fratris
571 1988 669 2046 editus
693 1986 773 2062 apud
787 1983 975 2060 Rangahium
998 2003 1026 2040 u.
1043 1976 1081 2041 48
1105 1989 1135 2040 et
1154 1977 1220 2058 Ἐφ.
1245 1977 1316 2062 cipp,
1341 1981 1391 2051 94,
1415 1980 1459 2038 sic
1480 1989 1622 2055 exceptus
1645 1979 1684 2036 ab

351 2093 456 2150 codem
478 2091 647 2148 Koehlero:

898 2224 1060 2277 ΟΔΗΜΟΣ

864 2325 1136 2378 ΒΑΣΙΛΕΩΣΑΡΧΕ

863 2427 1061 2479 ΛΑΟΥΥΙΟΝ

864 2526 1059 2580 ΑΡΧΕΛΑΟΝ

354 2669 431 2728 Nam
460 2687 514 2726 rex
541 2663 707 2724 Archelaus
737 2681 796 2722 non
823 2669 924 2740 potest
950 2677 1015 2718 esse
1043 2659 1100 2717 nisi
1128 2659 1251 2718 ultimus
1275 2679 1329 2718 rex
1352 2657 1576 2736 Cappadociae;
1602 2657 1684 2716 lilius

353 2776 452 2827 autem
474 2767 660 2843 cognominis
690 2765 754 2823 sinc
782 2763 874 2822 dubio
896 2762 923 2819 is
946 2769 1006 2829 cst,
1033 2759 1083 2834 qui
1109 2761 1190 2818 avito
1213 2758 1421 2838 Cappadociae
1446 2778 1538 2836 regno
1561 2760 1591 2817 in
1614 2777 1682 2834 pro·

353 2869 468 2926 vinciae
506 2868 631 2924 formam
670 2864 790 2924 redacto
831 2862 953 2922 Ciliciae
996 2861 1127 2937 aliquam
1166 2873 1281 2938 partem
1325 2862 1458 2932 retinuit,
1501 2869 1682 2920 memoratus

355 2953 522 3026 Tacito'ad
547 2985 574 3024 a.
596 2985 624 3043 p.
649 2964 683 3024 C.
708 2965 791 3040 36¹).
836 2963 926 3036 Quod
954 2963 1037 3022 addit
1063 2964 1209 3040 Iosephus
1233 2963 1420 3041 Glaphyram
1447 2963 1587 3022 defuncto
1608 2963 1684 3021 luba

355 3059 563 3144 (μεταστάντος
595 3069 646 3122 τοῦ
676 3056 800 3140 Λιβύας)
833 3066 871 3124 ad
904 3075 1018 3140 patrem
1055 3065 1085 3123 in
1119 3063 1342 3142 Cappadociam
1376 3083 1528 3124 reversam
1563 3066 1683 3124 tertium

356 3169 496 3246 nupsisse
525 3168 675 3226 Archelao
702 3166 833 3226 Herodis
861 3167 934 3236 filio,
962 3167 1047 3224 fratri
1073 3165 1163 3241 primi
1184 3168 1293 3238 mariti,
1320 3167 1350 3224 in
1373 3187 1409 3226 eo
1431 3187 1560 3226 errorem
1583 3167 1684 3224 inesse

321 3271 324 3278 '
355 3270 440 3329 multi
463 3271 698 3328 observaverunt
721 3268 802 3344 (ride
827 3288 852 3327 e.
873 3287 898 3326 c.
920 3265 1062 3326 Carolum
1084 3267 1261 3326 Muellerum
1289 3269 1393 3345 fragm.
1421 3269 1490 3327 hist.
1518 3266 1625 3328 Graec.
1654 3268 1683 3338 3,

356 3373 441 3448 466),
464 3390 533 3430 nam
550 3369 738 3447 Glaphyram
761 3369 839 3428 idem
854 3369 1005 3446 losephus
1028 3368 1131 3426 scribit
1152 3367 1229 3427 diem
1252 3369 1363 3428 obiisse
1386 3388 1412 3428 a.
1428 3389 1457 3446 p.
1474 3367 1508 3428 C.
1528 3370 1557 3440 7,
1579 3369 1683 3428 luham

356 3475 469 3532 nummi
492 3473 686 3549 comprobant
707 3471 799 3530 vitam
821 3471 1007 3547 protraxisse
1030 3470 1067 3527 ad
1090 3489 1116 3528 a.
1139 3489 1168 3546 p.
1193 3469 1227 3529 C.
1251 3469 1300 3530 23.

551 3981 620 4041 XV.
664 3980 696 4042 S.
719 3979 755 4040 C.
776 3979 835 4038 DE
858 3979 1080 4041 THISBAEIS
1102 3984 1140 4038 A.
1163 3980 1198 4040 V.
1223 3979 1259 4040 C.
1280 3979 1488 4040 DLXXXIV.

442 4135 536 4194 Vicus
562 4144 609 4193 est
634 4137 665 4194 iu
687 4134 814 4193 Boeotia
835 4135 923 4192 hodic
946 4135 1041 4194 dictus
1063 4123 1198 4207 Kalrosi‚
1224 4137 1356 4214 antiquis
1377 4147 1476 4197 autem
1501 4140 1686 4217 temporibus

358 4236 507 4304 Thisbae,
533 4253 627 4312 prope
654 4252 741 4310 quem
767 4237 799 4294 in
821 4237 908 4294 vinea
934 4238 1063 4312 quadam
1089 4243 1157 4295 ante
1184 4255 1278 4296 annos
1306 4239 1422 4297 circiter
1453 4241 1554 4298 decem
1583 4242 1687 4299 tabula

357 4355 525 4396 marmorea
552 4343 670 4412 reperta
698 4346 744 4394 est
772 4337 922 4413 descripta
949 4339 1076 4414 primum
1105 4357 1122 4395 a
1150 4337 1324 4410 Bloudelio,
1357 4339 1455 4399 denuo
1487 4359 1506 4398 a
1533 4339 1687 4400 Forrcarto

358 4435 722 4517 egregio'iuscriptlonum
735 4436 970 4496 Lehasianarum
984 4437 1129 4498 Graeciae
1143 4440 1283 4515 propriae
1298 4439 1411 4498 editore
1426 4449 1455 4499 ct
1469 4441 1684 4501 continuatore.

357 4541 389 4597 Is
412 4559 479 4598 cum
507 4540 553 4598 bis
579 4539 678 4615 ipsum
700 4538 830 4613 lapidem
857 4551 993 4598 accurate
1020 4541 1200 4598 examinarit
1227 4549 1256 4599 ct
1284 4541 1453 4615 exemplum
1480 4539 1517 4598 ed
1544 4551 1684 4618 ectypum

357 4641 518 4698 identidem
548 4639 728 4716 recognorit‚
750 4640 854 4698 titulus
877 4641 919 4697 ita
939 4641 1064 4718 integer,
1082 4651 1119 4698 ut
1140 4659 1201 4700 non
1222 4642 1321 4700 desint
1341 4642 1400 4700 uisi
1421 4661 1519 4719 pauca
1539 4642 1686 4701 elementa

356 4740 457 4819 lapide
478 4741 526 4799 hic
547 4739 607 4798 illic
629 4757 721 4825 exeso
741 4741 789 4799 vel
810 4741 944 4811 effracto,
963 4743 1017 4802 sed
1032 4743 1109 4802 lectu
1130 4760 1190 4800 non
1210 4742 1308 4802 facilis
1330 4751 1408 4802 recte
1431 4743 1561 4820 etplene
1576 4761 1684 4819 excep·

357 4907 562 4916 .—-—--—-

362 5049 365 5058 .
434 5025 458 5088 ¹)
484 5041 544 5078 ann.
565 5029 589 5090 6,
610 5029 659 5079 41:
688 5024 897 5078 ultramrano
920 5025 1068 5096 Cappadoci
1088 5027 1213 5080 Archelao
1232 5027 1352 5091 subiecta,
1374 5031 1406 5080 ad
1426 5043 1501 5095 quem
1521 5029 1607 5081 locum
1625 5041 1684 5094 pro·

356 5115 476 5166 habiliter
501 5119 610 5170 coniecit
632 5118 805 5183 Nipperdeiua
827 5133 885 5170 cum
909 5121 1067 5171 Archelaum
1093 5129 1180 5172 natum
1209 5136 1264 5172 esse
1293 5136 1325 5172 ex
1351 5121 1482 5174 Archelao
1510 5122 1601 5172 ultimo
1626 5127 1685 5184 rega

356 5207 545 5273 Cappadociae.
584 5209 623 5260 Cl.
644 5209 669 5270 2,
690 5212 733 5262 78.
753 5213 798 5262 80.
