3712 5838
652 584 832 636 renuauou.
858 583 1060 637 aavanrvn.
1378 595 1384 608 ·
1444 569 1517 641 233

191 753 322 830 positum
349 760 405 811 est.
458 753 586 829 primum
617 756 708 832 igitur
742 761 886 815 restituere
917 764 947 816 et
978 759 1088 832 reficere
1122 758 1257 817 aedificia
1292 760 1352 818 ullo
1387 761 1520 820 notionis

192 854 363 912 discrimine
386 853 506 913 differre
527 874 588 914 non
610 856 756 927 videntur,
781 858 811 914 id
833 859 913 933 quod
935 859 1066 917 maxime
1093 860 1172 919 curis
1195 859 1331 936 Capitolii
1354 864 1520 920 restituendi

193 955 230 1012 de
245 972 304 1030 qua
318 955 397 1014 inira
411 955 543 1014 dicemus
558 975 624 1014 cum
639 957 823 1015 triumvirum
837 961 955 1018 aedibus
970 961 1126 1034 reficiendis
1145 969 1175 1018 ct
1189 961 1415 1037 quinquevirum
1429 965 1520 1022 maris

145 1089 149 1100 ·
192 1057 374 1132 turribusque
394 1057 550 1131 reficiendis
573 1057 652 1131 (Liv.
674 1055 723 1128 25,
745 1057 776 1132 7)
793 1059 919 1117 conlatis
941 1071 1073 1135 apparet.
1108 1060 1160 1120 sed
1182 1079 1255 1120 usus
1277 1063 1339 1120 lere
1361 1071 1518 1138 utrumque

191 1156 369 1216 vocabulum
391 1158 434 1214 ita
455 1158 605 1228 discrevit,
628 1165 660 1215 ut
682 1159 733 1234 qui
752 1157 895 1217 resectum
917 1161 1084 1219 aedificium
1106 1161 1276 1221 dedicarent
1296 1183 1357 1223 non
1378 1163 1518 1222 refecisse

191 1257 224 1315 id
245 1258 298 1316 sed
320 1259 486 1316 restituisse
508 1276 540 1316 se
562 1266 752 1332 testarentur,
774 1267 971 1318 attestantur
992 1261 1108 1320 aedium
1130 1280 1280 1321 sacrarum
1303 1265 1392 1336 tituli,
1413 1275 1518 1323 contra

190 1359 289 1435 ipsam
315 1373 436 1436 operam
462 1360 494 1417 in
519 1359 701 1418 restituendo
727 1360 904 1418 collocatam
931 1361 1084 1420 reficiendi
1106 1364 1250 1422 vocabulo
1271 1364 1423 1441 appellare
1443 1365 1516 1422 mal-

191 1458 264 1530 lent,
286 1470 318 1518 ut
339 1461 410 1518 fecit
431 1462 497 1537 ipse
511 1462 667 1536 Augustus
687 1461 719 1518 in
739 1481 837 1520 rerum
858 1469 1010 1536 gestarum
1032 1463 1137 1520 indice.
1172 1463 1254 1521 nullo
1271 1465 1361 1540 igitur
1375 1465 1518 1540 quantum

190 1560 311 1636 quidem
343 1562 477 1632 noverim
509 1561 620 1619 iudicio
652 1563 863 1647 comprobatur
894 1562 1044 1620 reficiendi
1077 1580 1198 1639 operum
1223 1564 1303 1622 intra
1327 1568 1517 1642 angustiores

190 1678 280 1738 quam
306 1661 480 1720 restituendi
508 1663 583 1721 fines
611 1679 679 1720 sese
704 1663 864 1721 continere.
907 1663 959 1721 sed
985 1682 1072 1740 quem
1095 1663 1132 1721 ad
1154 1663 1242 1722 finem
1263 1666 1321 1723 hoc
1341 1667 1517 1724 restituendi

192 1762 374 1821 reficiendivi
398 1780 506 1821 munus
527 1764 675 1839 pertineat
696 1773 777 1822 certo
799 1762 940 1838 exemplo
961 1762 1142 1840 Capitolium
1164 1773 1208 1822 ter
1232 1767 1398 1824 restitutum
1421 1767 1518 1837 docet,

192 1864 239 1921 bis
260 1865 303 1922 ita
324 1875 357 1922 ut
379 1867 413 1922 de
435 1864 498 1922 eolo
518 1865 707 1922 reficiendum
721 1864 818 1923 fuerit.
851 1883 919 1922 nam
941 1873 971 1921 et
987 1863 1023 1937 Q.
1041 1863 1180 1923 Catulum
1199 1863 1337 1942 Capitolii
1350 1869 1518 1926 restituendi

190 1975 347 2024 curatorem
368 1964 467 2023 Varro
489 1972 617 2024 testatur
644 1965 737 2043 (apud
765 1964 843 2024 Gell.
868 1963 897 2034 2,
922 1965 974 2040 10)
997 1983 1097 2023 aream
1120 1966 1221 2041 templi
1244 1977 1366 2042 propter
1386 1968 1516 2026 favissas

190 2085 251 2123 non
276 2067 412 2142 potuisse
441 2067 606 2143 deprimere
628 2073 659 2125 et
679 2067 792 2124 eisdem
818 2065 953 2141 vestigiis
976 2083 1035 2140 qua
1057 2073 1140 2124 vetus
1161 2066 1250 2124 fauerit
1276 2086 1384 2125 novam
1410 2068 1517 2126 fecisse

190 2166 357 2243 Dionysius
381 2168 424 2243 (4,
448 2168 502 2242 61)
532 2175 561 2224 et
581 2167 735 2225 columnas
758 2167 971 2242 materiamque
993 2185 1109 2224 omnem
1131 2167 1260 2243 undique
1285 2169 1517 2244 magnificentis-

190 2268 296 2327 simam
318 2278 489 2344 asportasse
511 2268 570 2340 alii,
598 2287 723 2343 quorum
745 2269 917 2326 testimonia
938 2268 1095 2343 diligenter
1115 2267 1151 2325 L.
1175 2267 1210 2326 B.
1234 2265 1358 2344 Suphan
1385 2269 1436 2344 (de
1458 2267 1516 2328 Ca-

189 2369 295 2446 pitolio
315 2369 463 2441 Romano,
486 2369 558 2427 diss.
575 2368 714 2427 Hellensi
730 2386 756 2426 a.
776 2368 869 2444 1866)
892 2369 1068 2444 composuit.
1111 2387 1215 2427 rursus
1238 2371 1305 2444 ipsa
1324 2369 1517 2428 fundamenta

189 2479 288 2530 vetere
315 2471 412 2528 forma
440 2488 499 2527 non
526 2479 639 2528 mutata
664 2471 743 2528 iacta
769 2487 836 2527 esse
864 2470 901 2526 ab
924 2469 995 2544 imp.
1018 2469 1217 2544 Vespasiano,
1243 2472 1295 2545 qui
1317 2489 1414 2528 curam
1435 2475 1517 2529 recti·

191 2573 287 2628 mendi
314 2571 449 2646 Capitolii
463 2571 510 2628 ·in
536 2569 573 2628 L.
597 2569 755 2629 Vestinum
788 2569 935 2640 cotnlerit,
969 2577 1071 2627 arrctor
1098 2578 1145 2628 est
1171 2569 1294 2629 Tacitus
1322 2572 1390 2630 hist.
1414 2573 1442 2642 4,
1466 2572 1515 2630 53.

189 2673 294 2730 codem
323 2671 411 2730 modo
439 2673 476 2730 ab
497 2671 675 2730 Domitiano
703 2690 773 2728 num
802 2675 961 2729 restitutum
986 2669 1160 2746 Capitolium
1186 2671 1225 2728 sit
1253 2703 1292 2714 -
1319 2691 1387 2730 nam
1409 2674 1452 2730 ita
1471 2673 1516 2730 in-

188 2773 331 2847 scriptum
357 2781 404 2831 est
425 2773 552 2831 nummis
574 2773 639 2831 eins
662 2804 701 2815 -
724 2773 906 2847 ignoramus.
950 2772 1010 2828 iam
1036 2771 1127 2828 aedes
1157 2789 1270 2844 sacras,
1296 2791 1372 2847 quae
1395 2772 1517 2848 quidem

188 2873 299 2949 templa
311 2873 429 2944 suerint,
444 2874 487 2932 ita
501 2875 581 2932 facta
603 2891 668 2931 esse
690 2881 816 2944 constat,
837 2879 870 2930 nt
890 2872 1061 2947 regionibus
1084 2873 1122 2930 ab
1141 2891 1251 2948 augure
1272 2874 1302 2930 in
1319 2873 1384 2932 solo
1398 2873 1517 2950 publico

188 2975 279 3033 finitis
300 2983 543 3034 consecrarentur
565 2993 584 3032 a
604 2975 805 3051 pontificibus,
828 2981 1018 3032 corrsecratae
1040 2973 1246 3033 dedicarentur
1260 2993 1279 3032 a
1293 2974 1517 3049 magistratibus

188 3075 270 3134 eisve
291 3077 341 3153 qui
363 3077 401 3134 ad
426 3077 457 3134 id
478 3077 576 3153 ipsum
598 3075 773 3133 nominatim
800 3075 892 3132 creati
917 3081 1034 3132 essent:
1063 3093 1131 3131 nam
1157 3075 1200 3130 ita
1227 3074 1388 3148 loquuntur
1412 3075 1518 3134 Livius

189 3173 295 3235 Cicero
318 3177 381 3248 alii3
403 3195 462 3252 quo
484 3177 531 3235 die
554 3184 651 3234 autem
666 3176 819 3234 dedicatae
839 3183 941 3232 essent
962 3193 1027 3231 eum
1049 3173 1148 3248 ipsum
1168 3181 1310 3248 tanquam
1325 3176 1455 3232 natalem
1469 3175 1517 3233 dei

188 3277 300 3336 domini
322 3279 405 3336 aedis
428 3296 498 3336 snae
520 3280 551 3336 in
572 3278 669 3336 fastos
690 3276 815 3334 relatum
838 3293 930 3351 supra
951 3273 1088 3332 vidimus.
1121 3293 1177 3332 nec
1199 3273 1225 3331 si
1247 3291 1302 3346 pro
1320 3273 1516 3346 dedicatione,

187 3397 276 3456 quam
299 3379 423 3439 Verrius
444 3378 573 3437 Flaccus
598 3384 771 3436 constanter
798 3375 972 3446 nominavit,
1000 3374 1051 3430 alii
1074 3374 1166 3431 veluti
1188 3372 1296 3432 Festus
1319 3392 1347 3449 p.
1365 3371 1424 3431 257
1446 3392 1515 3432 con·

188 3481 383 3539 secretionem
406 3481 600 3551 substituunt,
632 3479 789 3556 quicquam
811 3476 848 3534 de
876 3494 909 3532 re
935 3475 1003 3550 ipsa
1028 3481 1159 3533 mutatur
1185 3481 1237 3532 aut
1263 3474 1389 3551 eogitari
1416 3481 1517 3551 potest

187 3581 224 3641 de
246 3581 469 3640 consecratione
495 3583 552 3641 soli
581 3599 670 3656 quam
698 3597 717 3636 a
738 3576 963 3636 consecratione
991 3574 1120 3633 aedificii
1147 3574 1296 3633 diversam
1323 3592 1392 3633 esse
1418 3575 1515 3633 infeli-

187 3683 260 3741 citer
281 3682 468 3742 Luebbertus
500 3682 627 3740 secrevit
652 3698 688 3738 eo
715 3677 853 3754 exemplo
883 3693 957 3734 usus
985 3675 1066 3750 quod
1099 3674 1177 3732 inira
1209 3675 1410 3734 tractabimus.
1455 3694 1515 3734 non

186 3785 283 3861 tetigit
304 3785 382 3843 hanc
403 3803 466 3842 rem
488 3783 639 3841 Nissenus
661 3780 822 3856 (Templum
843 3797 872 3853 p.
891 3778 950 3836 188
972 3775 1013 3852 e.)
1041 3794 1105 3833 cum
1128 3775 1205 3832 dixit
1225 3776 1375 3834 natalibus
1397 3775 1514 3835 aedium

186 3887 325 3964 regiones
351 3905 454 3944 earum
480 3885 518 3942 ad
545 3883 619 3942 solis
647 3892 744 3941 ortum
777 3881 905 3939 directas
938 3895 1006 3936 esse
1038 3876 1221 3952 deorumque
1250 3877 1367 3936 natales
1394 3878 1515 3936 vocavit

186 3987 372 4045 conditarum
399 3987 515 4046 aedium
542 3985 657 4044 natales
679 3982 826 4041 vocabulo
853 3997 925 4038 usus
953 3979 1093 4054 ambiguo
1115 3977 1397 4054 (Graiuduupetape).
1440 3979 1514 4036 haec

186 4087 348 4146 difficultas
375 4106 434 4146 non
468 4087 554 4144 video
587 4104 646 4162 quo
679 4083 805 4142 artificio
837 4081 914 4140 solvi
946 4081 1043 4157 possit
1076 4077 1270 4155 (quamquam
1304 4079 1421 4138 solvere
1454 4098 1514 4139 non

186 4207 285 4247 meum
318 4189 377 4264 est)
409 4189 469 4247 nisi
502 4197 668 4246 statuamus
700 4203 736 4244 eo
767 4185 833 4260 ipse
864 4183 928 4254 die,
964 4200 1024 4258 quo
1056 4180 1201 4257 templum
1233 4180 1343 4239 factum
1378 4182 1436 4238 hoc
1468 4190 1515 4239 est

187 4291 310 4349 effatum
356 4290 575 4366 liberatumque
615 4289 653 4346 ab
691 4286 853 4363 auguribus
895 4283 1093 4358 regionesque
1137 4283 1239 4340 finitae
1279 4290 1394 4353 essent,
1443 4289 1514 4357 post

185 4411 331 4451 annorum
353 4391 536 4467 singulorum
558 4389 725 4465 pluriumve
746 4388 906 4446 decursam
928 4383 1017 4442 aedes
1037 4382 1188 4441 dedicatas
1210 4399 1286 4441 esse.
1330 4399 1364 4438 ac
1386 4398 1458 4437 sane
1480 4381 1511 4438 in

185 4493 309 4552 annales
336 4494 462 4551 relatum
491 4491 659 4550 invenimus
683 4490 762 4546 inter
787 4495 887 4545 votam
915 4491 1089 4559 coeptamve
1116 4489 1167 4540 aut
1192 4482 1322 4538 locatam
1350 4479 1454 4538 eedem
1475 4495 1511 4537 ac

185 4595 352 4652 dedicatam
373 4602 447 4669 quot
467 4610 612 4650 annorum
636 4590 766 4667 spatium
787 4585 964 4654 interfuerit,
990 4582 1149 4658 atquibus
1172 4580 1275 4639 diebus
1300 4579 1363 4637 lieri
1387 4586 1511 4655 coeptae

184 4696 246 4755 sint
274 4695 434 4754 admodum
461 4694 537 4752 raris
564 4699 594 4750 et
618 4690 678 4749 uisi
703 4689 775 4765 qnid
796 4705 843 4744 me
864 4685 975 4761 fugerit
995 4683 1091 4742 tribus
1110 4681 1172 4739 iere
1194 4680 1340 4756 exemplis
1361 4680 1509 4757 proditum

183 4805 239 4856 est.
281 4815 359 4874 qnae
387 4794 528 4871 exempla
553 4810 612 4851 nno
639 4809 691 4848 ore
719 4789 849 4848 clamant
876 4786 1012 4843 diversos
1034 4801 1101 4843 esse
1123 4782 1258 4858 potuisse
1279 4781 1396 4839 natales
1420 4781 1446 4839 si
1466 4781 1510 4838 ita

183 4899 282 4958 dicere
303 4898 376 4957 licet
396 4904 549 4971 utrosque.
592 4891 719 4971 primum
746 4889 826 4948 caim
850 4906 933 4948 aram
953 4886 1043 4944 Pacis
1065 4885 1221 4962 Augustae
1243 4885 1421 4942 constitutam
1442 4897 1509 4940 esse

183 5000 231 5058 die
253 4999 312 5058 lul.
335 5001 355 5058 4
377 5018 403 5057 a.
424 4997 494 5068 746,
527 4997 686 5054 &dicatum
716 4989 765 5050 die
796 4988 861 5047 lan.
885 4987 925 5047 30
956 5007 984 5045 a.
1008 4987 1068 5046 745
1100 4985 1172 5044 sesti
1203 4991 1358 5042 testantur.
1402 4981 1509 5042 deinde

184 5098 330 5178 Capitolii
343 5097 521 5164 restituendi
543 5113 636 5156 cauea
652 5112 723 5153 aree
742 5092 871 5151 lustrata
890 5097 937 5149 est
957 5089 995 5147 ab
1017 5089 1089 5163 imp.
1103 5085 1293 5161 Vespasiano
1315 5083 1364 5142 die
1377 5083 1444 5142 Iun.
1467 5081 1506 5143 21

184 5199 273 5276 (Tac.
296 5204 326 5262 h.
348 5203 379 5276 4,
401 5201 466 5278 53),
492 5217 560 5260 cum
586 5195 715 5258 natalem
735 5194 819 5254 Iovis
844 5192 994 5254 mansisse
1021 5189 1098 5248 diem
1129 5184 1352 5264 tessaresce
1379 5183 1508 5245 dubitari
1592 5197 1594 5204 ⁴
