<?xml version="1.0" encoding="UTF-8"?>
<!DOCTYPE html PUBLIC "-//W3C//DTD XHTML 1.0 Transitional//EN"
    "http://www.w3.org/TR/xhtml1/DTD/xhtml1-transitional.dtd">
<html xmlns="http://www.w3.org/1999/xhtml" xml:lang="en" lang="en">
 <head>
  <title>
</title>
<meta http-equiv="Content-Type" content="text/html;charset=utf-8" />
  <meta name='ocr-system' content='tesseract 3.04.00' />
  <meta name='ocr-capabilities' content='ocr_page ocr_carea ocr_par ocr_line ocrx_word'/>
</head>
<body>
  <div class='ocr_page' id='page_1' title='image "./ephemerisepigra04instgoog_0107.png"; bbox 0 0 3742 5826; ppageno 0'>
   <div class='ocr_carea' id='block_1_1' title="bbox 334 546 1089 618">
    <p class='ocr_par' dir='ltr' id='par_1_1' title="bbox 334 546 1089 618">
     <span class='ocr_line' id='line_1_1' title="bbox 334 546 1089 618; baseline 0.004 -11"><span class='ocrx_word' id='word_1_1' title='bbox 334 546 404 618; x_wconf 76' lang='lat'><strong>102</strong></span> <span class='ocrx_word' id='word_1_2' title='bbox 889 557 1089 612; x_wconf 72' lang='lat' dir='ltr'><strong>unumne</strong></span> 
     </span>
    </p>
   </div>
   <div class='ocr_carea' id='block_1_2' title="bbox 329 727 1666 4455">
    <p class='ocr_par' dir='ltr' id='par_1_2' title="bbox 329 727 1660 1601">
     <span class='ocr_line' id='line_1_2' title="bbox 329 727 1657 811; baseline -0.007 -16"><span class='ocrx_word' id='word_1_3' title='bbox 329 744 361 795; x_wconf 92' lang='lat' dir='ltr'><strong>et</strong></span> <span class='ocrx_word' id='word_1_4' title='bbox 380 736 419 794; x_wconf 89' lang='lat'><strong>33</strong></span> <span class='ocrx_word' id='word_1_5' title='bbox 446 741 515 794; x_wconf 90' lang='lat' dir='ltr'><strong>ante</strong></span> <span class='ocrx_word' id='word_1_6' title='bbox 538 735 769 811; x_wconf 78' lang='lat' dir='ltr'><strong>praefecturam,</strong></span> <span class='ocrx_word' id='word_1_7' title='bbox 798 751 826 790; x_wconf 90' lang='lat' dir='ltr'><strong>n.</strong></span> <span class='ocrx_word' id='word_1_8' title='bbox 848 731 888 791; x_wconf 88' lang='grc'><strong>28</strong></span> <span class='ocrx_word' id='word_1_9' title='bbox 909 739 940 791; x_wconf 87' lang='lat' dir='ltr'><strong>et</strong></span> <span class='ocrx_word' id='word_1_10' title='bbox 959 733 999 792; x_wconf 87' lang='lat'><strong>35</strong></span> <span class='ocrx_word' id='word_1_11' title='bbox 1024 737 1097 809; x_wconf 90' lang='lat' dir='ltr'><strong>past</strong></span> <span class='ocrx_word' id='word_1_12' title='bbox 1122 748 1189 789; x_wconf 87' lang='lat' dir='ltr'><strong>eam</strong></span> <span class='ocrx_word' id='word_1_13' title='bbox 1214 729 1326 788; x_wconf 88' lang='lat' dir='ltr'><strong>tribuni</strong></span> <span class='ocrx_word' id='word_1_14' title='bbox 1350 727 1457 786; x_wconf 88' lang='lat' dir='ltr'><strong>urbani</strong></span> <span class='ocrx_word' id='word_1_15' title='bbox 1482 727 1553 786; x_wconf 85' lang='lat' dir='ltr'><strong>facti</strong></span> <span class='ocrx_word' id='word_1_16' title='bbox 1579 737 1657 786; x_wconf 88' lang='lat' dir='ltr'><strong>sunt.</strong></span> 
     </span>
     <span class='ocr_line' id='line_1_3' title="bbox 329 829 1658 912; baseline -0.005 -17"><span class='ocrx_word' id='word_1_17' title='bbox 329 837 434 912; x_wconf 89' lang='lat' dir='ltr'><strong>ltaque</strong></span> <span class='ocrx_word' id='word_1_18' title='bbox 461 855 527 894; x_wconf 92' lang='lat' dir='ltr'><strong>cum</strong></span> <span class='ocrx_word' id='word_1_19' title='bbox 555 835 725 894; x_wconf 78' lang='lat' dir='ltr'><strong>tribunatus</strong></span> <span class='ocrx_word' id='word_1_20' title='bbox 752 834 801 894; x_wconf 84' lang='lat' dir='ltr'><strong>val</strong></span> <span class='ocrx_word' id='word_1_21' title='bbox 829 842 900 893; x_wconf 86' lang='lat' dir='ltr'><strong>ante</strong></span> <span class='ocrx_word' id='word_1_22' title='bbox 928 834 975 892; x_wconf 86' lang='lat' dir='ltr'><strong>rel</strong></span> <span class='ocrx_word' id='word_1_23' title='bbox 1001 841 1073 910; x_wconf 94' lang='lat' dir='ltr'><strong>post</strong></span> <span class='ocrx_word' id='word_1_24' title='bbox 1098 830 1317 909; x_wconf 77' lang='lat' dir='ltr'><strong>praefecturam</strong></span> <span class='ocrx_word' id='word_1_25' title='bbox 1346 829 1562 906; x_wconf 90' lang='lat' dir='ltr'><strong>suscipiantur,</strong></span> <span class='ocrx_word' id='word_1_26' title='bbox 1592 849 1658 888; x_wconf 93' lang='lat' dir='ltr'><strong>eam</strong></span> 
     </span>
     <span class='ocr_line' id='line_1_4' title="bbox 330 923 1659 1013; baseline -0.005 -17"><span class='ocrx_word' id='word_1_27' title='bbox 330 939 409 996; x_wconf 90' lang='lat' dir='ltr'><strong>inter</strong></span> <span class='ocrx_word' id='word_1_28' title='bbox 430 937 553 996; x_wconf 90' lang='lat' dir='ltr'><strong>militias</strong></span> <span class='ocrx_word' id='word_1_29' title='bbox 576 943 728 1013; x_wconf 85' lang='lat' dir='ltr'><strong>equestres</strong></span> <span class='ocrx_word' id='word_1_30' title='bbox 750 945 863 994; x_wconf 88' lang='lat' dir='ltr'><strong>certum</strong></span> <span class='ocrx_word' id='word_1_31' title='bbox 884 935 984 993; x_wconf 92' lang='lat' dir='ltr'><strong>locum</strong></span> <span class='ocrx_word' id='word_1_32' title='bbox 1006 923 1127 992; x_wconf 77' lang='lat' dir='ltr'><strong>omnino</strong></span> <span class='ocrx_word' id='word_1_33' title='bbox 1148 950 1208 992; x_wconf 92' lang='lat' dir='ltr'><strong>non</strong></span> <span class='ocrx_word' id='word_1_34' title='bbox 1229 931 1373 992; x_wconf 88' lang='lat' dir='ltr'><strong>habuisse</strong></span> <span class='ocrx_word' id='word_1_35' title='bbox 1395 931 1585 990; x_wconf 88' lang='lat' dir='ltr'><strong>manifestum</strong></span> <span class='ocrx_word' id='word_1_36' title='bbox 1603 941 1659 1003; x_wconf 88' lang='lat' dir='ltr'><strong>est,</strong></span> 
     </span>
     <span class='ocr_line' id='line_1_5' title="bbox 330 1032 1660 1114; baseline -0.004 -19"><span class='ocrx_word' id='word_1_37' title='bbox 330 1038 475 1114; x_wconf 85' lang='lat' dir='ltr'><strong>dignitate</strong></span> <span class='ocrx_word' id='word_1_38' title='bbox 501 1047 601 1097; x_wconf 88' lang='lat' dir='ltr'><strong>autem</strong></span> <span class='ocrx_word' id='word_1_39' title='bbox 627 1038 689 1097; x_wconf 89' lang='lat' dir='ltr'><strong>fere</strong></span> <span class='ocrx_word' id='word_1_40' title='bbox 716 1055 820 1114; x_wconf 90' lang='lat' dir='ltr'><strong>parem</strong></span> <span class='ocrx_word' id='word_1_41' title='bbox 844 1036 935 1094; x_wconf 88' lang='lat' dir='ltr'><strong>fuisse</strong></span> <span class='ocrx_word' id='word_1_42' title='bbox 956 1034 1157 1094; x_wconf 88' lang='lat' dir='ltr'><strong>tribunatibus</strong></span> <span class='ocrx_word' id='word_1_43' title='bbox 1179 1032 1301 1092; x_wconf 86' lang='lat' dir='ltr'><strong>urbanis</strong></span> <span class='ocrx_word' id='word_1_44' title='bbox 1322 1033 1374 1109; x_wconf 91' lang='lat' dir='ltr'><strong>qui</strong></span> <span class='ocrx_word' id='word_1_45' title='bbox 1395 1032 1528 1092; x_wconf 89' lang='lat' dir='ltr'><strong>omnium</strong></span> <span class='ocrx_word' id='word_1_46' title='bbox 1551 1033 1660 1091; x_wconf 89' lang='lat' dir='ltr'><strong>summi</strong></span> 
     </span>
     <span class='ocr_line' id='line_1_6' title="bbox 330 1133 1659 1214; baseline -0.003 -18"><span class='ocrx_word' id='word_1_47' title='bbox 330 1138 458 1196; x_wconf 92' lang='lat' dir='ltr'><strong>fuerunt.</strong></span> <span class='ocrx_word' id='word_1_48' title='bbox 492 1139 635 1198; x_wconf 82' lang='lat' dir='ltr'><strong>Emeritis</strong></span> <span class='ocrx_word' id='word_1_49' title='bbox 657 1138 814 1214; x_wconf 81' lang='lat' dir='ltr'><strong>stipendiis</strong></span> <span class='ocrx_word' id='word_1_50' title='bbox 835 1135 977 1214; x_wconf 86' lang='lat' dir='ltr'><strong>praefecti</strong></span> <span class='ocrx_word' id='word_1_51' title='bbox 997 1135 1125 1212; x_wconf 87' lang='lat' dir='ltr'><strong>legionis</strong></span> <span class='ocrx_word' id='word_1_52' title='bbox 1146 1135 1322 1212; x_wconf 84' lang='lat' dir='ltr'><strong>plerumque</strong></span> <span class='ocrx_word' id='word_1_53' title='bbox 1343 1134 1374 1192; x_wconf 90' lang='lat' dir='ltr'><strong>in</strong></span> <span class='ocrx_word' id='word_1_54' title='bbox 1395 1134 1545 1210; x_wconf 84' lang='lat' dir='ltr'><strong>privatam</strong></span> <span class='ocrx_word' id='word_1_55' title='bbox 1567 1133 1659 1192; x_wconf 86' lang='lat' dir='ltr'><strong>vitam</strong></span> 
     </span>
     <span class='ocr_line' id='line_1_7' title="bbox 330 1228 1660 1315; baseline -0.004 -17"><span class='ocrx_word' id='word_1_56' title='bbox 330 1239 456 1298; x_wconf 88' lang='lat' dir='ltr'><strong>rediisse</strong></span> <span class='ocrx_word' id='word_1_57' title='bbox 476 1239 628 1312; x_wconf 62' lang='lat' dir='ltr'><strong>videntum</strong></span> <span class='ocrx_word' id='word_1_58' title='bbox 656 1246 866 1315; x_wconf 81' lang='lat' dir='ltr'><strong>procuraturus</strong></span> <span class='ocrx_word' id='word_1_59' title='bbox 888 1237 910 1294; x_wconf 96' lang='lat' dir='ltr'><strong>ii</strong></span> <span class='ocrx_word' id='word_1_60' title='bbox 932 1244 1046 1295; x_wconf 88' lang='lat' dir='ltr'><strong>tantum</strong></span> <span class='ocrx_word' id='word_1_61' title='bbox 1068 1241 1260 1312; x_wconf 88' lang='lat' dir='ltr'><strong>acceperunt,</strong></span> <span class='ocrx_word' id='word_1_62' title='bbox 1286 1236 1337 1312; x_wconf 93' lang='lat' dir='ltr'><strong>qui</strong></span> <span class='ocrx_word' id='word_1_63' title='bbox 1359 1235 1483 1294; x_wconf 88' lang='lat' dir='ltr'><strong>militias</strong></span> <span class='ocrx_word' id='word_1_64' title='bbox 1504 1228 1660 1311; x_wconf 75' lang='lat' dir='ltr'><strong>equestres</strong></span> 
     </span>
     <span class='ocr_line' id='line_1_8' title="bbox 331 1335 1659 1416; baseline -0.003 -18"><span class='ocrx_word' id='word_1_65' title='bbox 331 1340 463 1399; x_wconf 83' lang='lat' dir='ltr'><strong>fecerant</strong></span> <span class='ocrx_word' id='word_1_66' title='bbox 484 1341 527 1416; x_wconf 86' lang='lat' dir='ltr'><strong>(n.</strong></span> <span class='ocrx_word' id='word_1_67' title='bbox 544 1340 571 1399; x_wconf 89' lang='lat'><strong>8.</strong></span> <span class='ocrx_word' id='word_1_68' title='bbox 593 1339 643 1400; x_wconf 89' lang='grc'><strong>28.</strong></span> <span class='ocrx_word' id='word_1_69' title='bbox 663 1340 712 1398; x_wconf 88' lang='lat'><strong>33.</strong></span> <span class='ocrx_word' id='word_1_70' title='bbox 735 1339 797 1416; x_wconf 85' lang='lat'>35).</span> <span class='ocrx_word' id='word_1_71' title='bbox 842 1337 1025 1400; x_wconf 88' lang='lat' dir='ltr'><strong>Sacerdotiis</strong></span> <span class='ocrx_word' id='word_1_72' title='bbox 1050 1344 1197 1394; x_wconf 86' lang='lat' dir='ltr'><strong>ornantur</strong></span> <span class='ocrx_word' id='word_1_73' title='bbox 1221 1335 1336 1395; x_wconf 88' lang='lat' dir='ltr'><strong>ordinis</strong></span> <span class='ocrx_word' id='word_1_74' title='bbox 1358 1337 1505 1413; x_wconf 90' lang='lat' dir='ltr'><strong>equestris</strong></span> <span class='ocrx_word' id='word_1_75' title='bbox 1526 1336 1659 1394; x_wconf 86' lang='lat' dir='ltr'><strong>Lauren·</strong></span> 
     </span>
     <span class='ocr_line' id='line_1_9' title="bbox 331 1435 1659 1516; baseline -0.004 -18"><span class='ocrx_word' id='word_1_76' title='bbox 331 1442 395 1499; x_wconf 89' lang='lat' dir='ltr'><strong>tino</strong></span> <span class='ocrx_word' id='word_1_77' title='bbox 417 1451 447 1499; x_wconf 92' lang='lat' dir='ltr'><strong>et</strong></span> <span class='ocrx_word' id='word_1_78' title='bbox 464 1441 618 1500; x_wconf 82' lang='lat' dir='ltr'><strong>dominatu</strong></span> <span class='ocrx_word' id='word_1_79' title='bbox 632 1439 760 1500; x_wconf 91' lang='lat' dir='ltr'><strong>luculari</strong></span> <span class='ocrx_word' id='word_1_80' title='bbox 782 1439 826 1516; x_wconf 92' lang='lat' dir='ltr'><strong>(n.</strong></span> <span class='ocrx_word' id='word_1_81' title='bbox 844 1439 905 1516; x_wconf 86' lang='lat'>15).</span> <span class='ocrx_word' id='word_1_82' title='bbox 943 1437 1106 1498; x_wconf 91' lang='lat' dir='ltr'><strong>Ducenarii</strong></span> <span class='ocrx_word' id='word_1_83' title='bbox 1119 1435 1259 1496; x_wconf 87' lang='lat' dir='ltr'><strong>dicuntur</strong></span> <span class='ocrx_word' id='word_1_84' title='bbox 1279 1455 1309 1496; x_wconf 91' lang='lat' dir='ltr'><strong>u.</strong></span> <span class='ocrx_word' id='word_1_85' title='bbox 1325 1435 1344 1496; x_wconf 87' lang='lat'>8</span> <span class='ocrx_word' id='word_1_86' title='bbox 1358 1447 1389 1496; x_wconf 88' lang='lat' dir='ltr'><strong>et</strong></span> <span class='ocrx_word' id='word_1_87' title='bbox 1406 1438 1453 1510; x_wconf 80' lang='lat' dir='ltr'><strong>ts,</strong></span> <span class='ocrx_word' id='word_1_88' title='bbox 1476 1437 1532 1496; x_wconf 82' lang='lat' dir='ltr'><strong>riri</strong></span> <span class='ocrx_word' id='word_1_89' title='bbox 1546 1435 1659 1516; x_wconf 85' lang='lat' dir='ltr'><strong>egregii</strong></span> 
     </span>
     <span class='ocr_line' id='line_1_10' title="bbox 332 1540 691 1601; baseline 0 -1"><span class='ocrx_word' id='word_1_90' title='bbox 332 1540 691 1601; x_wconf 64' lang='lat' dir='ltr'><strong>attinuisset.</strong></span> 
     </span>
    </p>

    <p class='ocr_par' dir='ltr' id='par_1_3' title="bbox 332 1638 1662 2426">
     <span class='ocr_line' id='line_1_11' title="bbox 415 1638 1659 1721; baseline -0.005 -19"><span class='ocrx_word' id='word_1_91' title='bbox 415 1642 487 1702; x_wconf 88' lang='lat' dir='ltr'><strong>Una</strong></span> <span class='ocrx_word' id='word_1_92' title='bbox 506 1662 572 1701; x_wconf 91' lang='lat' dir='ltr'><strong>cum</strong></span> <span class='ocrx_word' id='word_1_93' title='bbox 593 1644 694 1721; x_wconf 88' lang='lat' dir='ltr'><strong>legato</strong></span> <span class='ocrx_word' id='word_1_94' title='bbox 715 1640 842 1718; x_wconf 84' lang='lat' dir='ltr'><strong>legionis</strong></span> <span class='ocrx_word' id='word_1_95' title='bbox 863 1640 1031 1718; x_wconf 89' lang='lat' dir='ltr'><strong>praefectus</strong></span> <span class='ocrx_word' id='word_1_96' title='bbox 1052 1638 1181 1717; x_wconf 87' lang='lat' dir='ltr'><strong>legionis</strong></span> <span class='ocrx_word' id='word_1_97' title='bbox 1198 1646 1447 1699; x_wconf 87' lang='lat' dir='ltr'><strong>commemoratur</strong></span> <span class='ocrx_word' id='word_1_98' title='bbox 1467 1659 1496 1698; x_wconf 92' lang='lat' dir='ltr'><strong>n.</strong></span> <span class='ocrx_word' id='word_1_99' title='bbox 1512 1639 1559 1710; x_wconf 85' lang='lat'><strong>17,</strong></span> <span class='ocrx_word' id='word_1_100' title='bbox 1582 1639 1659 1698; x_wconf 89' lang='lat' dir='ltr'><strong>unde</strong></span> 
     </span>
     <span class='ocr_line' id='line_1_12' title="bbox 334 1738 1660 1820; baseline -0.002 -19"><span class='ocrx_word' id='word_1_101' title='bbox 334 1761 401 1801; x_wconf 91' lang='lat' dir='ltr'><strong>eum</strong></span> <span class='ocrx_word' id='word_1_102' title='bbox 428 1743 513 1802; x_wconf 83' lang='lat' dir='ltr'><strong>iuxta</strong></span> <span class='ocrx_word' id='word_1_103' title='bbox 538 1743 666 1820; x_wconf 87' lang='lat' dir='ltr'><strong>legatum</strong></span> <span class='ocrx_word' id='word_1_104' title='bbox 693 1743 793 1802; x_wconf 92' lang='lat' dir='ltr'><strong>locum</strong></span> <span class='ocrx_word' id='word_1_105' title='bbox 821 1759 907 1801; x_wconf 90' lang='lat' dir='ltr'><strong>suurn</strong></span> <span class='ocrx_word' id='word_1_106' title='bbox 929 1740 1072 1800; x_wconf 85' lang='lat' dir='ltr'><strong>habuisse</strong></span> <span class='ocrx_word' id='word_1_107' title='bbox 1093 1748 1206 1799; x_wconf 92' lang='lat' dir='ltr'><strong>certum</strong></span> <span class='ocrx_word' id='word_1_108' title='bbox 1229 1747 1283 1800; x_wconf 89' lang='lat' dir='ltr'><strong>est.</strong></span> <span class='ocrx_word' id='word_1_109' title='bbox 1326 1742 1392 1800; x_wconf 92' lang='lat' dir='ltr'><strong>Iam</strong></span> <span class='ocrx_word' id='word_1_110' title='bbox 1413 1759 1480 1799; x_wconf 91' lang='lat' dir='ltr'><strong>cum</strong></span> <span class='ocrx_word' id='word_1_111' title='bbox 1503 1738 1660 1800; x_wconf 87' lang='lat' dir='ltr'><strong>Gallienus</strong></span> 
     </span>
     <span class='ocr_line' id='line_1_13' title="bbox 333 1841 1660 1919; baseline 0 -19"><span class='ocrx_word' id='word_1_112' title='bbox 333 1843 470 1902; x_wconf 88' lang='lat' dir='ltr'><strong>hemines</strong></span> <span class='ocrx_word' id='word_1_113' title='bbox 498 1845 612 1904; x_wconf 85' lang='lat' dir='ltr'><strong>ordinis</strong></span> <span class='ocrx_word' id='word_1_114' title='bbox 639 1844 782 1903; x_wconf 89' lang='lat' dir='ltr'><strong>senatorii</strong></span> <span class='ocrx_word' id='word_1_115' title='bbox 807 1842 988 1902; x_wconf 88' lang='lat' dir='ltr'><strong>militaribus</strong></span> <span class='ocrx_word' id='word_1_116' title='bbox 1013 1841 1181 1902; x_wconf 90' lang='lat' dir='ltr'><strong>honoribus</strong></span> <span class='ocrx_word' id='word_1_117' title='bbox 1208 1841 1292 1919; x_wconf 85' lang='lat' dir='ltr'><strong>iungi</strong></span> <span class='ocrx_word' id='word_1_118' title='bbox 1319 1841 1503 1919; x_wconf 85' lang='lat' dir='ltr'><strong>vetuisset¹)</strong></span> <span class='ocrx_word' id='word_1_119' title='bbox 1531 1841 1660 1918; x_wconf 88' lang='lat' dir='ltr'><strong>ideoque</strong></span> 
     </span>
     <span class='ocr_line' id='line_1_14' title="bbox 332 1941 1661 2032; baseline 0.001 -31"><span class='ocrx_word' id='word_1_120' title='bbox 332 1943 449 2020; x_wconf 86' lang='lat' dir='ltr'><strong>legatos</strong></span> <span class='ocrx_word' id='word_1_121' title='bbox 477 1946 604 2022; x_wconf 87' lang='lat' dir='ltr'><strong>legionis</strong></span> <span class='ocrx_word' id='word_1_122' title='bbox 628 1945 815 2016; x_wconf 87' lang='lat' dir='ltr'><strong>sustulisset,</strong></span> <span class='ocrx_word' id='word_1_123' title='bbox 842 1943 921 2002; x_wconf 82' lang='lat' dir='ltr'><strong>vices</strong></span> <span class='ocrx_word' id='word_1_124' title='bbox 946 1943 1112 2032; x_wconf 75' lang='lat' dir='ltr'><strong>legatorum</strong></span> <span class='ocrx_word' id='word_1_125' title='bbox 1138 1951 1337 2021; x_wconf 87' lang='lat' dir='ltr'><strong>susceperunt</strong></span> <span class='ocrx_word' id='word_1_126' title='bbox 1356 1941 1515 2021; x_wconf 86' lang='lat' dir='ltr'><strong>praefecti,</strong></span> <span class='ocrx_word' id='word_1_127' title='bbox 1540 1944 1619 2002; x_wconf 88' lang='lat' dir='ltr'><strong>unde</strong></span> <span class='ocrx_word' id='word_1_128' title='bbox 1641 1961 1661 2002; x_wconf 86' lang='lat' dir='ltr'><strong>a</strong></span> 
     </span>
     <span class='ocr_line' id='line_1_15' title="bbox 334 2043 1660 2122; baseline -0.002 -18"><span class='ocrx_word' id='word_1_129' title='bbox 334 2043 467 2104; x_wconf 87' lang='lat' dir='ltr'><strong>Gallieni</strong></span> <span class='ocrx_word' id='word_1_130' title='bbox 488 2053 586 2106; x_wconf 89' lang='lat' dir='ltr'><strong>aetate</strong></span> <span class='ocrx_word' id='word_1_131' title='bbox 608 2055 698 2122; x_wconf 90' lang='lat' dir='ltr'><strong>utque</strong></span> <span class='ocrx_word' id='word_1_132' title='bbox 719 2046 757 2104; x_wconf 88' lang='lat' dir='ltr'><strong>ud</strong></span> <span class='ocrx_word' id='word_1_133' title='bbox 776 2044 1000 2104; x_wconf 88' lang='lat' dir='ltr'><strong>Diocletianum</strong></span> <span class='ocrx_word' id='word_1_134' title='bbox 1021 2045 1142 2122; x_wconf 84' lang='lat' dir='ltr'><strong>saepius</strong></span> <span class='ocrx_word' id='word_1_135' title='bbox 1163 2044 1302 2103; x_wconf 88' lang='lat' dir='ltr'><strong>dicuntur</strong></span> <span class='ocrx_word' id='word_1_136' title='bbox 1323 2053 1445 2122; x_wconf 88' lang='lat' dir='ltr'><strong>agentes</strong></span> <span class='ocrx_word' id='word_1_137' title='bbox 1467 2044 1547 2104; x_wconf 82' lang='lat' dir='ltr'><strong>vices</strong></span> <span class='ocrx_word' id='word_1_138' title='bbox 1569 2045 1660 2122; x_wconf 88' lang='lat' dir='ltr'><strong>legati</strong></span> 
     </span>
     <span class='ocr_line' id='line_1_16' title="bbox 333 2145 1661 2224; baseline 0.002 -21"><span class='ocrx_word' id='word_1_139' title='bbox 333 2145 377 2220; x_wconf 89' lang='lat' dir='ltr'><strong>(n.</strong></span> <span class='ocrx_word' id='word_1_140' title='bbox 397 2147 433 2205; x_wconf 90' lang='lat'><strong>18</strong></span> <span class='ocrx_word' id='word_1_141' title='bbox 456 2166 482 2206; x_wconf 88' lang='lat' dir='ltr'><strong>a.</strong></span> <span class='ocrx_word' id='word_1_142' title='bbox 499 2146 570 2220; x_wconf 84' lang='grc'>267,</span> <span class='ocrx_word' id='word_1_143' title='bbox 591 2165 620 2206; x_wconf 90' lang='lat' dir='ltr'><strong>n.</strong></span> <span class='ocrx_word' id='word_1_144' title='bbox 637 2147 676 2206; x_wconf 89' lang='grc'><strong>20</strong></span> <span class='ocrx_word' id='word_1_145' title='bbox 699 2167 726 2206; x_wconf 88' lang='lat' dir='ltr'><strong>a.</strong></span> <span class='ocrx_word' id='word_1_146' title='bbox 743 2147 814 2220; x_wconf 87' lang='grc'>269,</span> <span class='ocrx_word' id='word_1_147' title='bbox 834 2165 864 2206; x_wconf 91' lang='grc' dir='ltr'><strong>ιι.</strong></span> <span class='ocrx_word' id='word_1_148' title='bbox 880 2147 918 2204; x_wconf 89' lang='grc'><strong>21</strong></span> <span class='ocrx_word' id='word_1_149' title='bbox 942 2165 970 2204; x_wconf 90' lang='lat' dir='ltr'><strong>a.</strong></span> <span class='ocrx_word' id='word_1_150' title='bbox 986 2145 1072 2221; x_wconf 83' lang='grc'>284).</span> <span class='ocrx_word' id='word_1_151' title='bbox 1108 2145 1158 2204; x_wconf 81' lang='lat' dir='ltr'><strong>Ad</strong></span> <span class='ocrx_word' id='word_1_152' title='bbox 1180 2146 1259 2204; x_wconf 91' lang='lat' dir='ltr'><strong>idem</strong></span> <span class='ocrx_word' id='word_1_153' title='bbox 1281 2154 1379 2204; x_wconf 81' lang='lat' dir='ltr'><strong>autem</strong></span> <span class='ocrx_word' id='word_1_154' title='bbox 1402 2154 1520 2224; x_wconf 89' lang='lat' dir='ltr'><strong>tempus</strong></span> <span class='ocrx_word' id='word_1_155' title='bbox 1541 2147 1572 2204; x_wconf 87' lang='lat' dir='ltr'><strong>id</strong></span> <span class='ocrx_word' id='word_1_156' title='bbox 1587 2165 1661 2222; x_wconf 94' lang='lat' dir='ltr'><strong>quo·</strong></span> 
     </span>
     <span class='ocr_line' id='line_1_17' title="bbox 333 2247 1662 2324; baseline 0.002 -21"><span class='ocrx_word' id='word_1_157' title='bbox 333 2263 392 2321; x_wconf 91' lang='lat' dir='ltr'><strong>que</strong></span> <span class='ocrx_word' id='word_1_158' title='bbox 421 2249 569 2322; x_wconf 88' lang='lat' dir='ltr'><strong>pertinere</strong></span> <span class='ocrx_word' id='word_1_159' title='bbox 596 2249 723 2320; x_wconf 85' lang='lat' dir='ltr'><strong>videtur,</strong></span> <span class='ocrx_word' id='word_1_160' title='bbox 750 2249 832 2324; x_wconf 92' lang='lat' dir='ltr'><strong>quod</strong></span> <span class='ocrx_word' id='word_1_161' title='bbox 858 2247 950 2306; x_wconf 90' lang='lat' dir='ltr'><strong>tradit</strong></span> <span class='ocrx_word' id='word_1_162' title='bbox 969 2247 1130 2324; x_wconf 88' lang='lat' dir='ltr'><strong>Vegetius,</strong></span> <span class='ocrx_word' id='word_1_163' title='bbox 1157 2248 1326 2324; x_wconf 88' lang='lat' dir='ltr'><strong>praefectos</strong></span> <span class='ocrx_word' id='word_1_164' title='bbox 1354 2247 1504 2306; x_wconf 89' lang='lat' dir='ltr'><strong>interdum</strong></span> <span class='ocrx_word' id='word_1_165' title='bbox 1532 2249 1662 2306; x_wconf 84' lang='lat' dir='ltr'><strong>vicarias</strong></span> 
     </span>
     <span class='ocr_line' id='line_1_18' title="bbox 332 2346 1556 2426; baseline 0.004 -23"><span class='ocrx_word' id='word_1_166' title='bbox 332 2347 428 2407; x_wconf 88' lang='lat' dir='ltr'><strong>fuisse</strong></span> <span class='ocrx_word' id='word_1_167' title='bbox 449 2349 615 2425; x_wconf 88' lang='lat' dir='ltr'><strong>legatorum</strong></span> <span class='ocrx_word' id='word_1_168' title='bbox 637 2349 823 2426; x_wconf 82' lang='lat' dir='ltr'><strong>provinciae3</strong></span> <span class='ocrx_word' id='word_1_169' title='bbox 844 2349 935 2408; x_wconf 88' lang='lat' dir='ltr'><strong>huius</strong></span> <span class='ocrx_word' id='word_1_170' title='bbox 956 2349 1035 2407; x_wconf 91' lang='lat' dir='ltr'><strong>enim</strong></span> <span class='ocrx_word' id='word_1_171' title='bbox 1056 2349 1118 2407; x_wconf 88' lang='lat' dir='ltr'><strong>fere</strong></span> <span class='ocrx_word' id='word_1_172' title='bbox 1139 2349 1245 2408; x_wconf 85' lang='lat' dir='ltr'><strong>aetatis</strong></span> <span class='ocrx_word' id='word_1_173' title='bbox 1268 2359 1315 2408; x_wconf 83' lang='lat' dir='ltr'><strong>est</strong></span> <span class='ocrx_word' id='word_1_174' title='bbox 1335 2348 1438 2408; x_wconf 90' lang='lat' dir='ltr'><strong>titulus</strong></span> <span class='ocrx_word' id='word_1_175' title='bbox 1460 2367 1489 2406; x_wconf 93' lang='grc' dir='ltr'><strong>ιι.</strong></span> <span class='ocrx_word' id='word_1_176' title='bbox 1507 2346 1556 2408; x_wconf 83' lang='grc'><strong>29.</strong></span> 
     </span>
    </p>

    <p class='ocr_par' dir='ltr' id='par_1_4' title="bbox 335 2447 1661 2624">
     <span class='ocr_line' id='line_1_19' title="bbox 418 2447 1661 2523; baseline 0.004 -18"><span class='ocrx_word' id='word_1_177' title='bbox 418 2447 573 2509; x_wconf 87' lang='lat' dir='ltr'><strong>Officiales</strong></span> <span class='ocrx_word' id='word_1_178' title='bbox 624 2457 894 2509; x_wconf 88' lang='lat' dir='ltr'><strong>commemorantur</strong></span> <span class='ocrx_word' id='word_1_179' title='bbox 945 2449 1182 2523; x_wconf 90' lang='lat' dir='ltr'><strong>cornicularius,</strong></span> <span class='ocrx_word' id='word_1_180' title='bbox 1235 2450 1395 2520; x_wconf 87' lang='lat' dir='ltr'><strong>librarius,</strong></span> <span class='ocrx_word' id='word_1_181' title='bbox 1453 2449 1661 2510; x_wconf 85' lang='lat' dir='ltr'><strong>beneficiarius</strong></span> 
     </span>
     <span class='ocr_line' id='line_1_20' title="bbox 335 2547 539 2624; baseline 0.015 -20"><span class='ocrx_word' id='word_1_182' title='bbox 335 2547 539 2624; x_wconf 74' lang='lat' dir='ltr'><strong>(aas-41).</strong></span> 
     </span>
    </p>

    <p class='ocr_par' dir='ltr' id='par_1_5' title="bbox 333 2648 1664 3948">
     <span class='ocr_line' id='line_1_21' title="bbox 417 2648 1661 2733; baseline 0.003 -25"><span class='ocrx_word' id='word_1_183' title='bbox 417 2648 465 2708; x_wconf 91' lang='lat' dir='ltr'><strong>De</strong></span> <span class='ocrx_word' id='word_1_184' title='bbox 487 2651 660 2712; x_wconf 89' lang='lat' dir='ltr'><strong>muneribus</strong></span> <span class='ocrx_word' id='word_1_185' title='bbox 680 2652 755 2711; x_wconf 89' lang='lat' dir='ltr'><strong>haec</strong></span> <span class='ocrx_word' id='word_1_186' title='bbox 776 2653 864 2712; x_wconf 89' lang='lat' dir='ltr'><strong>docet</strong></span> <span class='ocrx_word' id='word_1_187' title='bbox 877 2651 1024 2730; x_wconf 85' lang='lat' dir='ltr'><strong>Vegetius</strong></span> <span class='ocrx_word' id='word_1_188' title='bbox 1037 2652 1082 2729; x_wconf 91' lang='grc'><strong>(2,</strong></span> <span class='ocrx_word' id='word_1_189' title='bbox 1096 2653 1145 2729; x_wconf 83' lang='lat'><strong>9)=</strong></span> <span class='ocrx_word' id='word_1_190' title='bbox 1162 2655 1302 2730; x_wconf 79' lang='lat' dir='ltr'><strong>proprius</strong></span> <span class='ocrx_word' id='word_1_191' title='bbox 1320 2652 1407 2712; x_wconf 81' lang='lat' dir='ltr'><strong>iudae</strong></span> <span class='ocrx_word' id='word_1_192' title='bbox 1419 2661 1481 2712; x_wconf 75' lang='lat' dir='ltr'><strong>aot</strong></span> <span class='ocrx_word' id='word_1_193' title='bbox 1498 2657 1661 2733; x_wconf 73' lang='lat' dir='ltr'><strong>praesecata</strong></span> 
     </span>
     <span class='ocr_line' id='line_1_22' title="bbox 335 2750 1660 2832; baseline 0.005 -25"><span class='ocrx_word' id='word_1_194' title='bbox 335 2750 454 2826; x_wconf 84' lang='lat' dir='ltr'><strong>lapioais</strong></span> <span class='ocrx_word' id='word_1_195' title='bbox 475 2783 516 2794; x_wconf 90' lang='lat'><strong>-—</strong></span> <span class='ocrx_word' id='word_1_196' title='bbox 532 2785 570 2796; x_wconf 89' lang='lat'>—</span> <span class='ocrx_word' id='word_1_197' title='bbox 593 2753 699 2812; x_wconf 66' lang='lat' dir='ltr'><strong>tabani</strong></span> <span class='ocrx_word' id='word_1_198' title='bbox 718 2753 764 2813; x_wconf 86' lang='lat' dir='ltr'><strong>ael</strong></span> <span class='ocrx_word' id='word_1_199' title='bbox 784 2757 960 2814; x_wconf 78' lang='lat' dir='ltr'><strong>ceamrioaea</strong></span> <span class='ocrx_word' id='word_1_200' title='bbox 981 2757 1120 2831; x_wconf 84' lang='lat' dir='ltr'><strong>ceterique</strong></span> <span class='ocrx_word' id='word_1_201' title='bbox 1140 2755 1242 2814; x_wconf 80' lang='lat' dir='ltr'><strong>milites</strong></span> <span class='ocrx_word' id='word_1_202' title='bbox 1262 2756 1321 2814; x_wconf 72' lang='lat' dir='ltr'><strong>dus</strong></span> <span class='ocrx_word' id='word_1_203' title='bbox 1332 2765 1488 2832; x_wconf 87' lang='lat' dir='ltr'><strong>praecepta</strong></span> <span class='ocrx_word' id='word_1_204' title='bbox 1501 2755 1660 2814; x_wconf 74' lang='lat' dir='ltr'><strong>cacabant.</strong></span> 
     </span>
     <span class='ocr_line' id='line_1_23' title="bbox 341 2850 1661 2933; baseline 0.005 -24"><span class='ocrx_word' id='word_1_205' title='bbox 341 2850 512 2926; x_wconf 67' lang='lat' dir='ltr'><strong>Vigiliarum</strong></span> <span class='ocrx_word' id='word_1_206' title='bbox 537 2857 596 2914; x_wconf 87' lang='lat' dir='ltr'><strong>siae</strong></span> <span class='ocrx_word' id='word_1_207' title='bbox 612 2856 800 2932; x_wconf 78' lang='lat' dir='ltr'><strong>profectionis</strong></span> <span class='ocrx_word' id='word_1_208' title='bbox 823 2864 930 2916; x_wconf 86' lang='lat' dir='ltr'><strong>tessera</strong></span> <span class='ocrx_word' id='word_1_209' title='bbox 951 2857 988 2915; x_wconf 89' lang='lat' dir='ltr'><strong>ab</strong></span> <span class='ocrx_word' id='word_1_210' title='bbox 1010 2857 1104 2916; x_wconf 90' lang='lat' dir='ltr'><strong>eadem</strong></span> <span class='ocrx_word' id='word_1_211' title='bbox 1121 2855 1278 2933; x_wconf 79' lang='lat' dir='ltr'><strong>petebatur.</strong></span> <span class='ocrx_word' id='word_1_212' title='bbox 1323 2854 1459 2915; x_wconf 72' lang='lat' dir='ltr'><strong>Similes</strong></span> <span class='ocrx_word' id='word_1_213' title='bbox 1481 2860 1583 2915; x_wconf 69' lang='lat' dir='ltr'><strong>ammes</strong></span> <span class='ocrx_word' id='word_1_214' title='bbox 1605 2857 1661 2915; x_wconf 89' lang='lat' dir='ltr'><strong>uli·</strong></span> 
     </span>
     <span class='ocr_line' id='line_1_24' title="bbox 335 2953 1662 3036; baseline 0.005 -26"><span class='ocrx_word' id='word_1_215' title='bbox 335 2953 412 3027; x_wconf 83' lang='lat' dir='ltr'><strong>quad</strong></span> <span class='ocrx_word' id='word_1_216' title='bbox 438 2959 629 3027; x_wconf 82' lang='lat' dir='ltr'><strong>commisisset,</strong></span> <span class='ocrx_word' id='word_1_217' title='bbox 659 2960 828 3016; x_wconf 72' lang='lat' dir='ltr'><strong>amaritate</strong></span> <span class='ocrx_word' id='word_1_218' title='bbox 849 2958 989 3034; x_wconf 71' lang='lat' dir='ltr'><strong>praejecti</strong></span> <span class='ocrx_word' id='word_1_219' title='bbox 1009 2958 1128 3034; x_wconf 81' lang='lat' dir='ltr'><strong>lepiareie</strong></span> <span class='ocrx_word' id='word_1_220' title='bbox 1149 2976 1169 3015; x_wconf 89' lang='lat' dir='ltr'><strong>a</strong></span> <span class='ocrx_word' id='word_1_221' title='bbox 1191 2957 1302 3016; x_wconf 81' lang='lat' dir='ltr'><strong>tribuna</strong></span> <span class='ocrx_word' id='word_1_222' title='bbox 1324 2957 1513 3033; x_wconf 83' lang='lat' dir='ltr'><strong>deputabatur</strong></span> <span class='ocrx_word' id='word_1_223' title='bbox 1533 2959 1576 3016; x_wconf 88' lang='lat' dir='ltr'><strong>ad</strong></span> <span class='ocrx_word' id='word_1_224' title='bbox 1591 2977 1662 3036; x_wconf 91' lang='lat' dir='ltr'><strong>pae-</strong></span> 
     </span>
     <span class='ocr_line' id='line_1_25' title="bbox 333 3054 1661 3136; baseline 0.006 -26"><span class='ocrx_word' id='word_1_225' title='bbox 333 3071 410 3112; x_wconf 82' lang='lat' dir='ltr'><strong>nam.</strong></span> <span class='ocrx_word' id='word_1_226' title='bbox 454 3054 547 3114; x_wconf 78' lang='lat' dir='ltr'><strong>Arina</strong></span> <span class='ocrx_word' id='word_1_227' title='bbox 575 3060 696 3116; x_wconf 83' lang='lat' dir='ltr'><strong>amnium</strong></span> <span class='ocrx_word' id='word_1_228' title='bbox 723 3058 857 3130; x_wconf 86' lang='lat' dir='ltr'><strong>militum,</strong></span> <span class='ocrx_word' id='word_1_229' title='bbox 886 3063 951 3117; x_wconf 89' lang='lat' dir='ltr'><strong>item</strong></span> <span class='ocrx_word' id='word_1_230' title='bbox 976 3063 1042 3134; x_wconf 84' lang='lat' dir='ltr'><strong>equi</strong></span> <span class='ocrx_word' id='word_1_231' title='bbox 1059 3068 1149 3118; x_wconf 88' lang='lat' dir='ltr'><strong>uestes</strong></span> <span class='ocrx_word' id='word_1_232' title='bbox 1169 3075 1285 3117; x_wconf 82' lang='lat' dir='ltr'><strong>annana</strong></span> <span class='ocrx_word' id='word_1_233' title='bbox 1306 3059 1347 3116; x_wconf 93' lang='lat' dir='ltr'><strong>ad</strong></span> <span class='ocrx_word' id='word_1_234' title='bbox 1367 3075 1464 3116; x_wconf 87' lang='lat' dir='ltr'><strong>aarum</strong></span> <span class='ocrx_word' id='word_1_235' title='bbox 1484 3061 1576 3135; x_wconf 86' lang='lat' dir='ltr'><strong>ipsias</strong></span> <span class='ocrx_word' id='word_1_236' title='bbox 1594 3079 1661 3136; x_wconf 87' lang='lat' dir='ltr'><strong>per-</strong></span> 
     </span>
     <span class='ocr_line' id='line_1_26' title="bbox 336 3154 1660 3237; baseline 0.005 -25"><span class='ocrx_word' id='word_1_237' title='bbox 336 3154 467 3215; x_wconf 82' lang='lat' dir='ltr'><strong>tinebant.</strong></span> <span class='ocrx_word' id='word_1_238' title='bbox 510 3157 691 3235; x_wconf 76' lang='lat' dir='ltr'><strong>Disapliaae</strong></span> <span class='ocrx_word' id='word_1_239' title='bbox 712 3163 864 3231; x_wconf 83' lang='lat' dir='ltr'><strong>seueritas,</strong></span> <span class='ocrx_word' id='word_1_240' title='bbox 893 3162 1053 3219; x_wconf 74' lang='lat' dir='ltr'><strong>eeaaitatio</strong></span> <span class='ocrx_word' id='word_1_241' title='bbox 1074 3178 1131 3218; x_wconf 84' lang='lat' dir='ltr'><strong>aaa</strong></span> <span class='ocrx_word' id='word_1_242' title='bbox 1152 3159 1242 3218; x_wconf 86' lang='lat' dir='ltr'><strong>solum</strong></span> <span class='ocrx_word' id='word_1_243' title='bbox 1261 3160 1386 3235; x_wconf 88' lang='lat' dir='ltr'><strong>peditum</strong></span> <span class='ocrx_word' id='word_1_244' title='bbox 1407 3161 1458 3219; x_wconf 81' lang='lat' dir='ltr'><strong>sul</strong></span> <span class='ocrx_word' id='word_1_245' title='bbox 1478 3163 1563 3219; x_wconf 88' lang='lat' dir='ltr'><strong>etiam</strong></span> <span class='ocrx_word' id='word_1_246' title='bbox 1583 3164 1660 3237; x_wconf 86' lang='lat' dir='ltr'><strong>equi·</strong></span> 
     </span>
     <span class='ocr_line' id='line_1_27' title="bbox 335 3255 1663 3344; baseline 0.008 -33"><span class='ocrx_word' id='word_1_247' title='bbox 335 3263 394 3312; x_wconf 90' lang='lat' dir='ltr'><strong>tum</strong></span> <span class='ocrx_word' id='word_1_248' title='bbox 415 3255 633 3333; x_wconf 81' lang='lat' dir='ltr'><strong>lepiaudriarum</strong></span> <span class='ocrx_word' id='word_1_249' title='bbox 649 3269 804 3338; x_wconf 87' lang='lat' dir='ltr'><strong>praecepto</strong></span> <span class='ocrx_word' id='word_1_250' title='bbox 826 3265 885 3320; x_wconf 69' lang='lat' dir='ltr'><strong>aas</strong></span> <span class='ocrx_word' id='word_1_251' title='bbox 906 3262 1007 3320; x_wconf 83' lang='lat' dir='ltr'><strong>cotidie</strong></span> <span class='ocrx_word' id='word_1_252' title='bbox 1025 3261 1190 3344; x_wconf 76' lang='lat' dir='ltr'><strong>curabatur.</strong></span> <span class='ocrx_word' id='word_1_253' title='bbox 1226 3261 1297 3336; x_wconf 88' lang='lat' dir='ltr'><strong>Ipse</strong></span> <span class='ocrx_word' id='word_1_254' title='bbox 1316 3271 1409 3320; x_wconf 75' lang='lat' dir='ltr'><strong>ouum</strong></span> <span class='ocrx_word' id='word_1_255' title='bbox 1427 3264 1517 3321; x_wconf 79' lang='lat' dir='ltr'><strong>iustae</strong></span> <span class='ocrx_word' id='word_1_256' title='bbox 1539 3263 1663 3338; x_wconf 83' lang='lat' dir='ltr'><strong>dilipeaa</strong></span> 
     </span>
     <span class='ocr_line' id='line_1_28' title="bbox 335 3355 1662 3439; baseline 0.009 -28"><span class='ocrx_word' id='word_1_257' title='bbox 335 3355 445 3416; x_wconf 84' lang='lat' dir='ltr'><strong>sobrius</strong></span> <span class='ocrx_word' id='word_1_258' title='bbox 467 3358 600 3434; x_wconf 74' lang='lat' dir='ltr'><strong>legionem</strong></span> <span class='ocrx_word' id='word_1_259' title='bbox 621 3362 677 3420; x_wconf 88' lang='lat' dir='ltr'><strong>eibi</strong></span> <span class='ocrx_word' id='word_1_260' title='bbox 697 3365 832 3422; x_wconf 87' lang='lat' dir='ltr'><strong>creditam</strong></span> <span class='ocrx_word' id='word_1_261' title='bbox 853 3364 986 3422; x_wconf 85' lang='lat' dir='ltr'><strong>adsiduis</strong></span> <span class='ocrx_word' id='word_1_262' title='bbox 1008 3362 1139 3439; x_wconf 84' lang='lat' dir='ltr'><strong>operibus</strong></span> <span class='ocrx_word' id='word_1_263' title='bbox 1161 3362 1202 3421; x_wconf 88' lang='lat' dir='ltr'><strong>ad</strong></span> <span class='ocrx_word' id='word_1_264' title='bbox 1221 3380 1327 3421; x_wconf 82' lang='lat' dir='ltr'><strong>omnam</strong></span> <span class='ocrx_word' id='word_1_265' title='bbox 1348 3365 1528 3436; x_wconf 87' lang='lat' dir='ltr'><strong>deaatioaem,</strong></span> <span class='ocrx_word' id='word_1_266' title='bbox 1550 3364 1592 3421; x_wconf 89' lang='lat' dir='ltr'><strong>ad</strong></span> <span class='ocrx_word' id='word_1_267' title='bbox 1605 3383 1662 3423; x_wconf 80' lang='lat' dir='ltr'><strong>ora·</strong></span> 
     </span>
     <span class='ocr_line' id='line_1_29' title="bbox 333 3459 1664 3540; baseline 0.009 -27"><span class='ocrx_word' id='word_1_268' title='bbox 333 3475 396 3514; x_wconf 86' lang='lat' dir='ltr'><strong>aem</strong></span> <span class='ocrx_word' id='word_1_269' title='bbox 415 3459 565 3531; x_wconf 77' lang='lat' dir='ltr'><strong>samaabat</strong></span> <span class='ocrx_word' id='word_1_270' title='bbox 588 3463 773 3536; x_wconf 80' lang='lat' dir='ltr'><strong>iudustriam,</strong></span> <span class='ocrx_word' id='word_1_271' title='bbox 801 3468 891 3523; x_wconf 83' lang='lat' dir='ltr'><strong>scieas</strong></span> <span class='ocrx_word' id='word_1_272' title='bbox 917 3465 958 3523; x_wconf 88' lang='lat' dir='ltr'><strong>ad</strong></span> <span class='ocrx_word' id='word_1_273' title='bbox 981 3465 1122 3540; x_wconf 77' lang='lat' dir='ltr'><strong>praefecti</strong></span> <span class='ocrx_word' id='word_1_274' title='bbox 1149 3463 1262 3523; x_wconf 88' lang='lat' dir='ltr'><strong>laudem</strong></span> <span class='ocrx_word' id='word_1_275' title='bbox 1289 3463 1473 3523; x_wconf 83' lang='lat' dir='ltr'><strong>subiectorum</strong></span> <span class='ocrx_word' id='word_1_276' title='bbox 1501 3465 1664 3525; x_wconf 79' lang='lat' dir='ltr'><strong>redundare</strong></span> 
     </span>
     <span class='ocr_line' id='line_1_30' title="bbox 334 3560 1663 3643; baseline 0.009 -29"><span class='ocrx_word' id='word_1_277' title='bbox 334 3560 471 3619; x_wconf 82' lang='lat' dir='ltr'><strong>virtutae.</strong></span> <span class='ocrx_word' id='word_1_278' title='bbox 514 3561 597 3623; x_wconf 83' lang='lat' dir='ltr'><strong>Addi</strong></span> <span class='ocrx_word' id='word_1_279' title='bbox 623 3572 723 3643; x_wconf 90' lang='lat' dir='ltr'><strong>potest</strong></span> <span class='ocrx_word' id='word_1_280' title='bbox 750 3583 840 3641; x_wconf 89' lang='lat' dir='ltr'><strong>saepe</strong></span> <span class='ocrx_word' id='word_1_281' title='bbox 867 3566 1049 3641; x_wconf 88' lang='lat' dir='ltr'><strong>praefectum</strong></span> <span class='ocrx_word' id='word_1_282' title='bbox 1075 3565 1203 3642; x_wconf 88' lang='lat' dir='ltr'><strong>legionis</strong></span> <span class='ocrx_word' id='word_1_283' title='bbox 1230 3566 1368 3625; x_wconf 82' lang='lat' dir='ltr'><strong>insistere</strong></span> <span class='ocrx_word' id='word_1_284' title='bbox 1394 3563 1535 3642; x_wconf 89' lang='lat' dir='ltr'><strong>operibus</strong></span> <span class='ocrx_word' id='word_1_285' title='bbox 1561 3569 1663 3626; x_wconf 86' lang='lat' dir='ltr'><strong>varios</strong></span> 
     </span>
     <span class='ocr_line' id='line_1_31' title="bbox 335 3659 1661 3743; baseline 0.008 -27"><span class='ocrx_word' id='word_1_286' title='bbox 335 3659 373 3716; x_wconf 87' lang='lat' dir='ltr'><strong>ad</strong></span> <span class='ocrx_word' id='word_1_287' title='bbox 399 3678 472 3720; x_wconf 93' lang='lat' dir='ltr'><strong>usus</strong></span> <span class='ocrx_word' id='word_1_288' title='bbox 499 3682 518 3720; x_wconf 91' lang='lat' dir='ltr'><strong>a</strong></span> <span class='ocrx_word' id='word_1_289' title='bbox 539 3665 684 3724; x_wconf 89' lang='lat' dir='ltr'><strong>militibus</strong></span> <span class='ocrx_word' id='word_1_290' title='bbox 705 3666 792 3725; x_wconf 89' lang='lat' dir='ltr'><strong>factis</strong></span> <span class='ocrx_word' id='word_1_291' title='bbox 814 3666 858 3742; x_wconf 89' lang='lat' dir='ltr'><strong>(n.</strong></span> <span class='ocrx_word' id='word_1_292' title='bbox 876 3665 924 3725; x_wconf 86' lang='lat'><strong>16.</strong></span> <span class='ocrx_word' id='word_1_293' title='bbox 942 3667 990 3725; x_wconf 84' lang='lat' dir='ltr'><strong>ll.</strong></span> <span class='ocrx_word' id='word_1_294' title='bbox 1010 3664 1059 3726; x_wconf 91' lang='grc'><strong>22.</strong></span> <span class='ocrx_word' id='word_1_295' title='bbox 1082 3665 1147 3743; x_wconf 88' lang='grc'><strong>23).</strong></span> <span class='ocrx_word' id='word_1_296' title='bbox 1191 3665 1282 3741; x_wconf 86' lang='lat' dir='ltr'><strong>Quod</strong></span> <span class='ocrx_word' id='word_1_297' title='bbox 1303 3675 1400 3725; x_wconf 90' lang='lat' dir='ltr'><strong>autem</strong></span> <span class='ocrx_word' id='word_1_298' title='bbox 1422 3665 1461 3725; x_wconf 88' lang='lat' dir='ltr'><strong>ud</strong></span> <span class='ocrx_word' id='word_1_299' title='bbox 1482 3668 1661 3728; x_wconf 87' lang='lat' dir='ltr'><strong>iurisdictio-</strong></span> 
     </span>
     <span class='ocr_line' id='line_1_32' title="bbox 334 3762 1663 3844; baseline 0.009 -28"><span class='ocrx_word' id='word_1_300' title='bbox 334 3778 402 3818; x_wconf 90' lang='lat' dir='ltr'><strong>nem</strong></span> <span class='ocrx_word' id='word_1_301' title='bbox 424 3762 553 3836; x_wconf 89' lang='lat' dir='ltr'><strong>pertinet</strong></span> <span class='ocrx_word' id='word_1_302' title='bbox 574 3783 593 3822; x_wconf 94' lang='lat' dir='ltr'><strong>a</strong></span> <span class='ocrx_word' id='word_1_303' title='bbox 609 3765 736 3844; x_wconf 88' lang='lat' dir='ltr'><strong>Vegetio</strong></span> <span class='ocrx_word' id='word_1_304' title='bbox 758 3776 1029 3840; x_wconf 87' lang='lat' dir='ltr'><strong>commemoratam,</strong></span> <span class='ocrx_word' id='word_1_305' title='bbox 1051 3768 1107 3828; x_wconf 91' lang='lat' dir='ltr'><strong>hoc</strong></span> <span class='ocrx_word' id='word_1_306' title='bbox 1128 3775 1244 3826; x_wconf 89' lang='lat' dir='ltr'><strong>tautum</strong></span> <span class='ocrx_word' id='word_1_307' title='bbox 1267 3767 1387 3841; x_wconf 85' lang='lat' dir='ltr'><strong>adacto,</strong></span> <span class='ocrx_word' id='word_1_308' title='bbox 1409 3769 1446 3828; x_wconf 90' lang='lat' dir='ltr'><strong>de</strong></span> <span class='ocrx_word' id='word_1_309' title='bbox 1467 3767 1565 3844; x_wconf 87' lang='lat' dir='ltr'><strong>eapite</strong></span> <span class='ocrx_word' id='word_1_310' title='bbox 1586 3769 1663 3828; x_wconf 91' lang='lat' dir='ltr'><strong>mili-</strong></span> 
     </span>
     <span class='ocr_line' id='line_1_33' title="bbox 336 3864 1375 3948; baseline 0.012 -32"><span class='ocrx_word' id='word_1_311' title='bbox 336 3867 397 3917; x_wconf 92' lang='lat' dir='ltr'><strong>tum</strong></span> <span class='ocrx_word' id='word_1_312' title='bbox 419 3870 500 3920; x_wconf 89' lang='lat' dir='ltr'><strong>certo</strong></span> <span class='ocrx_word' id='word_1_313' title='bbox 522 3881 581 3921; x_wconf 91' lang='lat' dir='ltr'><strong>non</strong></span> <span class='ocrx_word' id='word_1_314' title='bbox 602 3864 697 3925; x_wconf 89' lang='lat' dir='ltr'><strong>fuisse</strong></span> <span class='ocrx_word' id='word_1_315' title='bbox 716 3867 860 3926; x_wconf 87' lang='lat' dir='ltr'><strong>iudicium</strong></span> <span class='ocrx_word' id='word_1_316' title='bbox 881 3886 972 3944; x_wconf 91' lang='lat' dir='ltr'><strong>penes</strong></span> <span class='ocrx_word' id='word_1_317' title='bbox 994 3869 1175 3945; x_wconf 88' lang='lat' dir='ltr'><strong>praefectum</strong></span> <span class='ocrx_word' id='word_1_318' title='bbox 1197 3869 1325 3948; x_wconf 88' lang='lat' dir='ltr'><strong>legionis</strong></span> <span class='ocrx_word' id='word_1_319' title='bbox 1335 3867 1375 3946; x_wconf 76' lang='lat'><strong>²).</strong></span> 
     </span>
    </p>

    <p class='ocr_par' dir='ltr' id='par_1_6' title="bbox 334 3960 1666 4455">
     <span class='ocr_line' id='line_1_34' title="bbox 419 3960 1663 4047; baseline 0.01 -29"><span class='ocrx_word' id='word_1_320' title='bbox 419 3960 504 4021; x_wconf 86' lang='lat' dir='ltr'><strong>Haec</strong></span> <span class='ocrx_word' id='word_1_321' title='bbox 525 3965 576 4039; x_wconf 93' lang='lat' dir='ltr'><strong>qui</strong></span> <span class='ocrx_word' id='word_1_322' title='bbox 599 3981 665 4027; x_wconf 90' lang='lat' dir='ltr'><strong>cum</strong></span> <span class='ocrx_word' id='word_1_323' title='bbox 687 3968 731 4025; x_wconf 93' lang='lat' dir='ltr'><strong>eis</strong></span> <span class='ocrx_word' id='word_1_324' title='bbox 754 3969 921 4041; x_wconf 86' lang='lat' dir='ltr'><strong>contulerit,</strong></span> <span class='ocrx_word' id='word_1_325' title='bbox 944 3987 1021 4045; x_wconf 88' lang='lat' dir='ltr'><strong>quac</strong></span> <span class='ocrx_word' id='word_1_326' title='bbox 1043 3970 1080 4028; x_wconf 89' lang='lat' dir='ltr'><strong>de</strong></span> <span class='ocrx_word' id='word_1_327' title='bbox 1100 3971 1290 4047; x_wconf 88' lang='lat' dir='ltr'><strong>praefectura</strong></span> <span class='ocrx_word' id='word_1_328' title='bbox 1310 3980 1477 4030; x_wconf 89' lang='lat' dir='ltr'><strong>castrorum</strong></span> <span class='ocrx_word' id='word_1_329' title='bbox 1499 3987 1591 4046; x_wconf 91' lang='lat' dir='ltr'><strong>supra</strong></span> <span class='ocrx_word' id='word_1_330' title='bbox 1609 3989 1663 4030; x_wconf 86' lang='lat' dir='ltr'><strong>ex·</strong></span> 
     </span>
     <span class='ocr_line' id='line_1_35' title="bbox 334 4062 1664 4148; baseline 0.011 -32"><span class='ocrx_word' id='word_1_331' title='bbox 334 4062 505 4136; x_wconf 89' lang='lat' dir='ltr'><strong>posuimus,</strong></span> <span class='ocrx_word' id='word_1_332' title='bbox 533 4063 560 4123; x_wconf 92' lang='lat' dir='ltr'><strong>ei</strong></span> <span class='ocrx_word' id='word_1_333' title='bbox 581 4084 643 4124; x_wconf 90' lang='lat' dir='ltr'><strong>non</strong></span> <span class='ocrx_word' id='word_1_334' title='bbox 663 4067 785 4126; x_wconf 91' lang='lat' dir='ltr'><strong>dubium</strong></span> <span class='ocrx_word' id='word_1_335' title='bbox 806 4071 863 4128; x_wconf 89' lang='lat' dir='ltr'><strong>erit</strong></span> <span class='ocrx_word' id='word_1_336' title='bbox 883 4071 999 4147; x_wconf 92' lang='lat' dir='ltr'><strong>opinor,</strong></span> <span class='ocrx_word' id='word_1_337' title='bbox 1028 4071 1099 4146; x_wconf 90' lang='lat' dir='ltr'><strong>quin</strong></span> <span class='ocrx_word' id='word_1_338' title='bbox 1120 4071 1307 4148; x_wconf 87' lang='lat' dir='ltr'><strong>praefectura</strong></span> <span class='ocrx_word' id='word_1_339' title='bbox 1327 4071 1455 4148; x_wconf 88' lang='lat' dir='ltr'><strong>legionis</strong></span> <span class='ocrx_word' id='word_1_340' title='bbox 1478 4071 1516 4129; x_wconf 86' lang='lat' dir='ltr'><strong>ab</strong></span> <span class='ocrx_word' id='word_1_341' title='bbox 1538 4071 1591 4132; x_wconf 92' lang='lat' dir='ltr'><strong>illa</strong></span> <span class='ocrx_word' id='word_1_342' title='bbox 1611 4090 1664 4132; x_wconf 93' lang='lat' dir='ltr'><strong>no·</strong></span> 
     </span>
     <span class='ocr_line' id='line_1_36' title="bbox 336 4160 1664 4251; baseline 0.014 -35"><span class='ocrx_word' id='word_1_343' title='bbox 336 4160 416 4218; x_wconf 92' lang='lat' dir='ltr'><strong>mine</strong></span> <span class='ocrx_word' id='word_1_344' title='bbox 443 4171 557 4224; x_wconf 88' lang='lat' dir='ltr'><strong>tautum</strong></span> <span class='ocrx_word' id='word_1_345' title='bbox 584 4166 701 4226; x_wconf 88' lang='lat' dir='ltr'><strong>diversa</strong></span> <span class='ocrx_word' id='word_1_346' title='bbox 727 4169 780 4240; x_wconf 83' lang='lat' dir='ltr'><strong>sit3</strong></span> <span class='ocrx_word' id='word_1_347' title='bbox 808 4170 846 4228; x_wconf 90' lang='lat' dir='ltr'><strong>ab</strong></span> <span class='ocrx_word' id='word_1_348' title='bbox 872 4171 1005 4230; x_wconf 88' lang='lat' dir='ltr'><strong>eiusdem</strong></span> <span class='ocrx_word' id='word_1_349' title='bbox 1033 4172 1112 4230; x_wconf 88' lang='lat' dir='ltr'><strong>enim</strong></span> <span class='ocrx_word' id='word_1_350' title='bbox 1142 4173 1260 4251; x_wconf 87' lang='lat' dir='ltr'><strong>generis</strong></span> <span class='ocrx_word' id='word_1_351' title='bbox 1288 4173 1457 4232; x_wconf 87' lang='lat' dir='ltr'><strong>homiuibus</strong></span> <span class='ocrx_word' id='word_1_352' title='bbox 1483 4182 1514 4231; x_wconf 93' lang='lat' dir='ltr'><strong>et</strong></span> <span class='ocrx_word' id='word_1_353' title='bbox 1539 4173 1613 4232; x_wconf 89' lang='lat' dir='ltr'><strong>haec</strong></span> <span class='ocrx_word' id='word_1_354' title='bbox 1634 4181 1664 4234; x_wconf 89' lang='lat' dir='ltr'><strong>et</strong></span> 
     </span>
     <span class='ocr_line' id='line_1_37' title="bbox 336 4260 1664 4351; baseline 0.012 -33"><span class='ocrx_word' id='word_1_355' title='bbox 336 4260 391 4319; x_wconf 90' lang='lat' dir='ltr'><strong>illa</strong></span> <span class='ocrx_word' id='word_1_356' title='bbox 412 4264 584 4342; x_wconf 88' lang='lat' dir='ltr'><strong>suscipitur,</strong></span> <span class='ocrx_word' id='word_1_357' title='bbox 612 4268 716 4328; x_wconf 90' lang='lat' dir='ltr'><strong>eadem</strong></span> <span class='ocrx_word' id='word_1_358' title='bbox 743 4270 897 4347; x_wconf 87' lang='lat' dir='ltr'><strong>utriusque</strong></span> <span class='ocrx_word' id='word_1_359' title='bbox 923 4279 970 4331; x_wconf 90' lang='lat' dir='ltr'><strong>est</strong></span> <span class='ocrx_word' id='word_1_360' title='bbox 995 4273 1142 4351; x_wconf 89' lang='lat' dir='ltr'><strong>dignitas,</strong></span> <span class='ocrx_word' id='word_1_361' title='bbox 1170 4274 1274 4334; x_wconf 90' lang='lat' dir='ltr'><strong>eadem</strong></span> <span class='ocrx_word' id='word_1_362' title='bbox 1301 4291 1425 4334; x_wconf 88' lang='lat' dir='ltr'><strong>munera</strong></span> <span class='ocrx_word' id='word_1_363' title='bbox 1449 4280 1532 4346; x_wconf 91' lang='lat' dir='ltr'><strong>sunt,</strong></span> <span class='ocrx_word' id='word_1_364' title='bbox 1559 4276 1664 4334; x_wconf 88' lang='lat' dir='ltr'><strong>eodem</strong></span> 
     </span>
     <span class='ocr_line' id='line_1_38' title="bbox 337 4362 1666 4455; baseline 0.012 -35"><span class='ocrx_word' id='word_1_365' title='bbox 337 4362 464 4441; x_wconf 89' lang='lat' dir='ltr'><strong>denique</strong></span> <span class='ocrx_word' id='word_1_366' title='bbox 490 4373 638 4445; x_wconf 90' lang='lat' dir='ltr'><strong>tempore,</strong></span> <span class='ocrx_word' id='word_1_367' title='bbox 665 4388 725 4447; x_wconf 91' lang='lat' dir='ltr'><strong>quo</strong></span> <span class='ocrx_word' id='word_1_368' title='bbox 749 4372 892 4448; x_wconf 90' lang='lat' dir='ltr'><strong>praefecti</strong></span> <span class='ocrx_word' id='word_1_369' title='bbox 918 4383 1086 4432; x_wconf 77' lang='lat' dir='ltr'><strong>assuerum</strong></span> <span class='ocrx_word' id='word_1_370' title='bbox 1107 4373 1138 4432; x_wconf 94' lang='lat' dir='ltr'><strong>in</strong></span> <span class='ocrx_word' id='word_1_371' title='bbox 1160 4374 1256 4433; x_wconf 91' lang='lat' dir='ltr'><strong>titulis</strong></span> <span class='ocrx_word' id='word_1_372' title='bbox 1277 4375 1387 4434; x_wconf 88' lang='lat' dir='ltr'><strong>desiuit</strong></span> <span class='ocrx_word' id='word_1_373' title='bbox 1408 4377 1533 4448; x_wconf 91' lang='lat' dir='ltr'><strong>mentio,</strong></span> <span class='ocrx_word' id='word_1_374' title='bbox 1559 4376 1666 4455; x_wconf 88' lang='lat' dir='ltr'><strong>incipit</strong></span> 
     </span>
    </p>
   </div>
   <div class='ocr_carea' id='block_1_3' title="bbox 336 4466 1664 4756">
    <p class='ocr_par' dir='ltr' id='par_1_7' title="bbox 336 4466 1664 4756">
     <span class='ocr_line' id='line_1_39' title="bbox 336 4466 1664 4551; baseline 0.011 -29"><span class='ocrx_word' id='word_1_375' title='bbox 336 4466 478 4539; x_wconf 91' lang='lat' dir='ltr'><strong>praefecti</strong></span> <span class='ocrx_word' id='word_1_376' title='bbox 499 4468 659 4544; x_wconf 89' lang='lat' dir='ltr'><strong>legionum.</strong></span> <span class='ocrx_word' id='word_1_377' title='bbox 694 4469 843 4545; x_wconf 79' lang='lat' dir='ltr'><strong>Quattuor</strong></span> <span class='ocrx_word' id='word_1_378' title='bbox 865 4474 943 4532; x_wconf 87' lang='lat' dir='ltr'><strong>enim</strong></span> <span class='ocrx_word' id='word_1_379' title='bbox 965 4475 1036 4532; x_wconf 90' lang='lat' dir='ltr'><strong>illos</strong></span> <span class='ocrx_word' id='word_1_380' title='bbox 1057 4491 1134 4551; x_wconf 88' lang='lat' dir='ltr'><strong>quos</strong></span> <span class='ocrx_word' id='word_1_381' title='bbox 1156 4477 1253 4551; x_wconf 91' lang='lat' dir='ltr'><strong>primo</strong></span> <span class='ocrx_word' id='word_1_382' title='bbox 1275 4477 1342 4535; x_wconf 91' lang='lat' dir='ltr'><strong>loco</strong></span> <span class='ocrx_word' id='word_1_383' title='bbox 1365 4475 1509 4534; x_wconf 87' lang='lat' dir='ltr'><strong>collocavi</strong></span> <span class='ocrx_word' id='word_1_384' title='bbox 1530 4495 1569 4536; x_wconf 90' lang='lat' dir='ltr'><strong>ne</strong></span> <span class='ocrx_word' id='word_1_385' title='bbox 1591 4477 1664 4536; x_wconf 90' lang='lat' dir='ltr'><strong>mihi</strong></span> 
     </span>
     <span class='ocr_line' id='line_1_40' title="bbox 337 4561 1663 4654; baseline 0.012 -32"><span class='ocrx_word' id='word_1_386' title='bbox 337 4583 481 4640; x_wconf 87' lang='lat' dir='ltr'><strong>opponas.</strong></span> <span class='ocrx_word' id='word_1_387' title='bbox 518 4561 555 4628; x_wconf 82' lang='lat' dir='ltr'><strong>L.</strong></span> <span class='ocrx_word' id='word_1_388' title='bbox 570 4570 751 4646; x_wconf 90' lang='lat' dir='ltr'><strong>Memmium,</strong></span> <span class='ocrx_word' id='word_1_389' title='bbox 773 4573 825 4651; x_wconf 92' lang='lat' dir='ltr'><strong>qui</strong></span> <span class='ocrx_word' id='word_1_390' title='bbox 847 4582 989 4651; x_wconf 89' lang='lat' dir='ltr'><strong>quaestor</strong></span> <span class='ocrx_word' id='word_1_391' title='bbox 1010 4584 1040 4634; x_wconf 91' lang='lat' dir='ltr'><strong>et</strong></span> <span class='ocrx_word' id='word_1_392' title='bbox 1060 4575 1197 4635; x_wconf 89' lang='lat' dir='ltr'><strong>tribunus</strong></span> <span class='ocrx_word' id='word_1_393' title='bbox 1218 4577 1315 4651; x_wconf 89' lang='lat' dir='ltr'><strong>plebis</strong></span> <span class='ocrx_word' id='word_1_394' title='bbox 1337 4577 1394 4636; x_wconf 91' lang='lat' dir='ltr'><strong>fuit</strong></span> <span class='ocrx_word' id='word_1_395' title='bbox 1415 4587 1511 4636; x_wconf 84' lang='lat' dir='ltr'><strong>aetate</strong></span> <span class='ocrx_word' id='word_1_396' title='bbox 1531 4578 1663 4654; x_wconf 82' lang='lat' dir='ltr'><strong>Augusti</strong></span> 
     </span>
     <span class='ocr_line' id='line_1_41' title="bbox 337 4672 1664 4756; baseline 0.011 -32"><span class='ocrx_word' id='word_1_397' title='bbox 337 4672 367 4724; x_wconf 91' lang='lat' dir='ltr'><strong>ct</strong></span> <span class='ocrx_word' id='word_1_398' title='bbox 392 4678 518 4727; x_wconf 87' lang='lat' dir='ltr'><strong>vocatur</strong></span> <span class='ocrx_word' id='word_1_399' title='bbox 538 4673 700 4748; x_wconf 76' lang='lat' dir='ltr'><strong>praefectus</strong></span> <span class='ocrx_word' id='word_1_400' title='bbox 727 4674 864 4750; x_wconf 73' lang='lat' dir='ltr'><strong>legionum</strong></span> <span class='ocrx_word' id='word_1_401' title='bbox 884 4676 1002 4735; x_wconf 86' lang='lat' dir='ltr'><strong><em>XXVI</em></strong></span> <span class='ocrx_word' id='word_1_402' title='bbox 1020 4685 1047 4734; x_wconf 88' lang='lat' dir='ltr'><strong>et</strong></span> <span class='ocrx_word' id='word_1_403' title='bbox 1064 4676 1132 4735; x_wconf 89' lang='lat' dir='ltr'><strong>VII</strong></span> <span class='ocrx_word' id='word_1_404' title='bbox 1148 4676 1247 4737; x_wconf 85' lang='lat' dir='ltr'><strong>Lucae</strong></span> <span class='ocrx_word' id='word_1_405' title='bbox 1269 4681 1311 4738; x_wconf 88' lang='lat' dir='ltr'><strong>od</strong></span> <span class='ocrx_word' id='word_1_406' title='bbox 1330 4697 1417 4756; x_wconf 81' lang='lat' dir='ltr'><strong>apros</strong></span> <span class='ocrx_word' id='word_1_407' title='bbox 1438 4679 1619 4753; x_wconf 79' lang='lat' dir='ltr'><strong>diuidendos,</strong></span> <span class='ocrx_word' id='word_1_408' title='bbox 1645 4701 1664 4739; x_wconf 90' lang='lat' dir='ltr'><strong>a</strong></span> 
     </span>
    </p>
   </div>
   <div class='ocr_carea' id='block_1_4' title="bbox 337 4813 541 4826">
    <p class='ocr_par' dir='ltr' id='par_1_8' title="bbox 337 4813 541 4826">
     <span class='ocr_line' id='line_1_42' title="bbox 337 4813 541 4826; baseline 0.02 -4"><span class='ocrx_word' id='word_1_409' title='bbox 337 4813 541 4826; x_wconf 78' lang='lat'>-——...</span> 
     </span>
    </p>
   </div>
   <div class='ocr_carea' id='block_1_5' title="bbox 337 4915 1665 5264">
    <p class='ocr_par' dir='ltr' id='par_1_9' title="bbox 337 4915 1665 5264">
     <span class='ocr_line' id='line_1_43' title="bbox 415 4915 1665 4994; baseline 0.007 -27"><span class='ocrx_word' id='word_1_410' title='bbox 415 4915 437 4976; x_wconf 90' lang='lat'><strong>¹)</strong></span> <span class='ocrx_word' id='word_1_411' title='bbox 466 4918 531 4968; x_wconf 79' lang='lat' dir='ltr'><strong>Aur.</strong></span> <span class='ocrx_word' id='word_1_412' title='bbox 546 4921 637 4972; x_wconf 88' lang='lat' dir='ltr'><strong>Victor</strong></span> <span class='ocrx_word' id='word_1_413' title='bbox 659 4921 732 4974; x_wconf 74' lang='lat' dir='ltr'><strong>caes.</strong></span> <span class='ocrx_word' id='word_1_414' title='bbox 755 4923 805 4985; x_wconf 81' lang='lat'><strong>33,</strong></span> <span class='ocrx_word' id='word_1_415' title='bbox 824 4925 860 4974; x_wconf 77' lang='lat'><strong>34</strong></span> <span class='ocrx_word' id='word_1_416' title='bbox 883 4931 908 4974; x_wconf 88' lang='lat' dir='ltr'><strong>et</strong></span> <span class='ocrx_word' id='word_1_417' title='bbox 928 4931 1015 4992; x_wconf 87' lang='lat' dir='ltr'><strong>patres</strong></span> <span class='ocrx_word' id='word_1_418' title='bbox 1037 4925 1146 4992; x_wconf 85' lang='lat' dir='ltr'><strong>quidem,</strong></span> <span class='ocrx_word' id='word_1_419' title='bbox 1170 4935 1274 4994; x_wconf 83' lang='lat' dir='ltr'><strong>praeter</strong></span> <span class='ocrx_word' id='word_1_420' title='bbox 1296 4943 1419 4979; x_wconf 81' lang='lat' dir='ltr'><strong>commuue</strong></span> <span class='ocrx_word' id='word_1_421' title='bbox 1443 4925 1552 4978; x_wconf 76' lang='lat' dir='ltr'><strong>Romani</strong></span> <span class='ocrx_word' id='word_1_422' title='bbox 1573 4927 1665 4978; x_wconf 84' lang='lat' dir='ltr'><strong>maium</strong></span> 
     </span>
     <span class='ocr_line' id='line_1_44' title="bbox 337 5003 1665 5088; baseline 0.012 -36"><span class='ocrx_word' id='word_1_423' title='bbox 337 5003 418 5066; x_wconf 86' lang='lat' dir='ltr'><strong>orbis,</strong></span> <span class='ocrx_word' id='word_1_424' title='bbox 442 5009 588 5062; x_wconf 83' lang='lat' dir='ltr'><strong>stimulabat</strong></span> <span class='ocrx_word' id='word_1_425' title='bbox 605 5015 711 5081; x_wconf 80' lang='lat' dir='ltr'><strong>proprii</strong></span> <span class='ocrx_word' id='word_1_426' title='bbox 733 5013 833 5064; x_wconf 83' lang='lat' dir='ltr'><strong>ordinis</strong></span> <span class='ocrx_word' id='word_1_427' title='bbox 854 5017 1012 5078; x_wconf 74' lang='lat' dir='ltr'><strong>costumiis,</strong></span> <span class='ocrx_word' id='word_1_428' title='bbox 1039 5018 1099 5084; x_wconf 78' lang='lat' dir='ltr'><strong>quia</strong></span> <span class='ocrx_word' id='word_1_429' title='bbox 1113 5020 1213 5087; x_wconf 86' lang='lat' dir='ltr'><strong>primae</strong></span> <span class='ocrx_word' id='word_1_430' title='bbox 1231 5021 1284 5088; x_wconf 76' lang='lat' dir='ltr'><strong>ipsse</strong></span> <span class='ocrx_word' id='word_1_431' title='bbox 1302 5027 1370 5072; x_wconf 76' lang='lat' dir='ltr'><strong>matre</strong></span> <span class='ocrx_word' id='word_1_432' title='bbox 1387 5017 1520 5070; x_wconf 82' lang='lat' dir='ltr'><strong>socordiae</strong></span> <span class='ocrx_word' id='word_1_433' title='bbox 1537 5033 1609 5080; x_wconf 83' lang='lat' dir='ltr'><strong>suae,</strong></span> <span class='ocrx_word' id='word_1_434' title='bbox 1633 5035 1665 5068; x_wconf 86' lang='lat' dir='ltr'><strong>ue</strong></span> 
     </span>
     <span class='ocr_line' id='line_1_45' title="bbox 338 5097 1664 5173; baseline 0.011 -29"><span class='ocrx_word' id='word_1_435' title='bbox 338 5097 463 5163; x_wconf 75' lang='lat' dir='ltr'><strong>iarperr&#39;um</strong></span> <span class='ocrx_word' id='word_1_436' title='bbox 482 5100 519 5152; x_wconf 85' lang='lat' dir='ltr'><strong>ud</strong></span> <span class='ocrx_word' id='word_1_437' title='bbox 536 5105 640 5169; x_wconf 79' lang='lat' dir='ltr'><strong>optimas</strong></span> <span class='ocrx_word' id='word_1_438' title='bbox 658 5103 777 5156; x_wconf 80' lang='lat' dir='ltr'><strong>arabilium</strong></span> <span class='ocrx_word' id='word_1_439' title='bbox 796 5105 982 5172; x_wconf 68' lang='lat' dir='ltr'><strong>omass&#39;erretur,</strong></span> <span class='ocrx_word' id='word_1_440' title='bbox 1002 5117 1112 5160; x_wconf 79' lang='lat' dir='ltr'><strong>aetatum</strong></span> <span class='ocrx_word' id='word_1_441' title='bbox 1132 5111 1223 5162; x_wconf 82' lang='lat' dir='ltr'><strong>me&#39;lt&#39;tt&#39;u</strong></span> <span class='ocrx_word' id='word_1_442' title='bbox 1244 5113 1326 5173; x_wconf 81' lang='lat' dir='ltr'><strong>vetuit,</strong></span> <span class='ocrx_word' id='word_1_443' title='bbox 1347 5113 1420 5163; x_wconf 77' lang='lat' dir='ltr'><strong>etiarn</strong></span> <span class='ocrx_word' id='word_1_444' title='bbox 1438 5110 1511 5162; x_wconf 73' lang='lat' dir='ltr'><strong>adare</strong></span> <span class='ocrx_word' id='word_1_445' title='bbox 1523 5113 1664 5162; x_wconf 60' lang='lat' dir='ltr'><strong>causatum.</strong></span> 
     </span>
     <span class='ocr_line' id='line_1_46' title="bbox 413 5189 1080 5264; baseline 0.013 -21"><span class='ocrx_word' id='word_1_446' title='bbox 413 5189 437 5250; x_wconf 79' lang='lat'><strong>²)</strong></span> <span class='ocrx_word' id='word_1_447' title='bbox 466 5194 566 5244; x_wconf 87' lang='lat' dir='ltr'><strong>Walter</strong></span> <span class='ocrx_word' id='word_1_448' title='bbox 585 5195 678 5246; x_wconf 74' lang='lat' dir='ltr'><strong>Gessit.</strong></span> <span class='ocrx_word' id='word_1_449' title='bbox 698 5197 722 5246; x_wconf 89' lang='lat' dir='ltr'><strong>d.</strong></span> <span class='ocrx_word' id='word_1_450' title='bbox 743 5197 817 5249; x_wconf 79' lang='lat' dir='ltr'><strong>Ram.</strong></span> <span class='ocrx_word' id='word_1_451' title='bbox 838 5199 932 5250; x_wconf 87' lang='lat' dir='ltr'><strong>Rechts</strong></span> <span class='ocrx_word' id='word_1_452' title='bbox 952 5201 967 5250; x_wconf 90' lang='grc'>2</span> <span class='ocrx_word' id='word_1_453' title='bbox 988 5199 1080 5264; x_wconf 66' lang='lat' dir='ltr'><strong>§bib</strong></span> 
     </span>
    </p>
   </div>
   <div class='ocr_carea' id='block_1_6' title="bbox 0 0 1884 5826">
    <p class='ocr_par' dir='ltr' id='par_1_10' title="bbox 0 0 1884 5826">
     <span class='ocr_line' id='line_1_47' title="bbox 0 0 1884 5826; baseline 0 0"><span class='ocrx_word' id='word_1_454' title='bbox 0 0 1884 5826; x_wconf 95' lang='lat' dir='ltr'><strong> </strong></span> 
     </span>
    </p>
   </div>
  </div>
 </body>
</html>
