3712 5838
381 511 456 590 294
952 525 1133 578 uouusuu

382 707 520 767 ordinata
539 703 634 780 accipi
655 715 747 777 posse
768 715 854 775 nego,
876 713 1012 772 quaeque
1032 695 1075 752 ibi
1095 694 1224 774 legimus
1245 707 1426 768 quamquam
1447 693 1544 768 primo
1565 693 1709 772 adspectu

381 807 546 878 offendunt,
566 805 658 863 rebus
680 807 817 860 accurate
838 797 981 873 expensis
1002 801 1081 854 recte
1095 794 1184 871 plane
1206 811 1239 853 se
1254 794 1372 852 habent.
1408 791 1489 852 Nam
1510 795 1591 870 qnod
1613 797 1711 856 adhuc

382 907 561 969 credidimus
586 911 675 964 sexto
702 899 822 960 saeculo
848 897 947 957 nullus
976 897 1112 955 civitates
1135 893 1268 954 Graecas
1289 893 1434 953 Romams
1456 895 1638 970 stipendium
1659 916 1710 974 pe-

383 1009 534 1088 pendisse,
559 1004 590 1064 id
616 1009 730 1062 tantum
757 1000 852 1072 abest,
877 1005 911 1058 ut
938 997 1060 1074 probari
1085 996 1192 1074 possit,
1213 1001 1246 1053 ut
1265 995 1395 1054 fortasse
1415 996 1505 1056 etiem
1526 998 1710 1056 sonnatium

382 1110 482 1190 possit
505 1104 711 1166 demonstrari.
754 1099 834 1160 Nam
865 1100 897 1158 in
923 1096 1058 1176 Isthmiis
1086 1096 1149 1155 illis
1178 1095 1367 1155 Flamininus
1398 1096 1561 1174 plerosque
1589 1098 1709 1173 quidem
1811 1087 1815 1096 '

383 1208 531 1272 Graeciae
551 1203 678 1284 populos
699 1202 810 1260 liberos
832 1212 863 1259 et
882 1201 1028 1258 immunes
1050 1199 1114 1256 suis
1134 1196 1251 1274 legibus
1271 1212 1382 1254 usuros
1403 1213 1469 1256 esse
1489 1197 1709 1274 pronuntiarim

383 1319 415 1370 at
434 1308 578 1368 namhoc
599 1304 687 1364 etiam
702 1303 740 1362 ad
753 1301 886 1360 Boeotos
900 1298 1078 1376 pervenerit,
1099 1297 1261 1356 admodum
1275 1297 1397 1355 dubium
1418 1305 1485 1368 est.⁸
1509 1295 1589 1356 Nam
1607 1298 1708 1376 paullo

382 1417 452 1472 ante
472 1427 541 1470 cum
561 1406 652 1466 iidem
673 1421 729 1463 nec
748 1419 804 1479 pro
826 1400 994 1477 quingentis
1016 1398 1158 1457 militibus
1180 1397 1325 1456 Romanis
1345 1396 1377 1459 iu
1398 1396 1525 1457 Boeotia
1544 1398 1709 1460 interfectis

380 1512 554 1590 impositam
581 1505 640 1565 sibi
665 1502 789 1564 multam
810 1500 1039 1578 quingentorum
1066 1499 1246 1558 talentorum
1267 1498 1418 1557 solverent
1441 1516 1497 1557 nec
1517 1499 1627 1558 noxios
1648 1509 1709 1558 tra·

381 1613 496 1684 dorent,
517 1609 583 1686 ipse
605 1622 657 1666 eos
676 1603 756 1663 bello
777 1617 940 1680 aggressus
962 1608 1008 1658 est
1026 1600 1209 1677 vastatisque
1231 1598 1312 1675 agris
1333 1607 1363 1657 et
1377 1597 1518 1658 Coronea
1537 1610 1710 1678 oppugnata

382 1729 451 1773 cum
467 1707 586 1771 tandem
608 1706 635 1766 ei
657 1721 691 1764 se
708 1702 927 1780 permisissent,
948 1704 1036 1760 iussis
1058 1700 1172 1759 uades
1191 1703 1292 1759 sorios
1313 1709 1339 1758 st
1359 1701 1464 1758 mrdms
1483 1703 1594 1758 nomine
1609 1699 1711 1759 XXX

380 1794 506 1888 cmffurs
527 1808 634 1868 talenta
650 1823 714 1883 pac
734 1805 806 1864 doto
826 1813 852 1862 et
874 1803 911 1860 ab
928 1805 1138 1878 oppugnatione
1157 1818 1297 1860 recessum
1310 1799 1391 1876 (Lis.
1407 1800 1458 1872 33,
1472 1799 1539 1877 29).
1571 1801 1710 1878 Triginta

380 1909 493 1971 talenta
512 1917 583 1986 post
601 1906 713 1965 bellum
735 1909 842 1964 exacta
861 1901 1053 1982 essemultae
1073 1901 1192 1960 nomine
1212 1901 1266 1960 rix
1287 1899 1492 1976 credipotest,
1514 1919 1581 1960 cum
1603 1901 1708 1963 eodem

380 2011 500 2073 nomine
521 2015 591 2068 ante
603 2005 717 2066 bellum
731 2005 896 2082 quingenta
907 2002 1149 2080 postularentur;
1170 2003 1262 2060 immo
1278 2001 1421 2060 tributum
1436 2019 1567 2061 manum
1581 2003 1639 2061 hoc
1651 2002 1709 2063 fuit

379 2110 503 2172 Boeotis
523 2127 560 2168 eo
577 2115 712 2186 tempore
731 2105 904 2186 impositum
924 2103 1087 2178 idipsum,
1108 2101 1194 2161 cuius
1216 2101 1351 2160 meminit
1370 2101 1708 2180 senatusconsultum),

379 2213 556 2288 videturque
587 2187 649 2266 bie¹
670 2223 788 2286 quoque
817 2202 925 2264 Livius
958 2202 1128 2280 Polybiane
1157 2203 1236 2260 male
1265 2202 1445 2278 corrupisse.
1498 2200 1587 2276 Quod
1612 2204 1639 2262 si
1668 2203 1707 2264 ab

380 2329 408 2373 a.
428 2312 500 2372 inde
521 2309 581 2370 558
608 2309 640 2367 iu
665 2306 809 2366 universa
829 2302 958 2364 Graecia
977 2302 1086 2362 Boeoti
1112 2302 1169 2362 soli
1191 2310 1244 2361 aut
1264 2302 1327 2362 fere
1349 2301 1408 2360 soli
1428 2301 1573 2386 Romanis
1595 2305 1705 2383 slipen-²

378 2411 468 2472 diarii
488 2418 587 2484 erant,
612 2409 673 2468 iam
698 2413 794 2486 patet,
820 2423 874 2465 cur
898 2404 1077 2482 quicumque
1101 2404 1206 2462 hostes
1227 2399 1373 2462 Romanis
1399 2401 1578 2479 existerent,
1606 2393 1706 2465 socios

378 2511 513 2573 Boeotos
542 2529 576 2570 ss
606 2508 761 2568 habituros
791 2524 859 2566 esse
887 2504 1071 2565 confiderent
1095 2513 1127 2564 et
1155 2505 1329 2582 plerumque
1345 2504 1513 2582 ¹haberent;
1546 2512 1579 2563 ut
1609 2508 1708 2584 evenit

379 2615 412 2674 in
436 2613 518 2674 bello
539 2608 722 2672 Antiochino
748 2605 830 2683 (Lis.
853 2606 903 2678 35,
925 2605 974 2664 47.
998 2603 1099 2678 36,·6.
1123 2603 1171 2664 20.
1197 2604 1307 2680 Polyb.
1331 2601 1381 2676 20,
1405 2605 1433 2677 7,
1457 2601 1490 2682 3)
1517 2605 1647 2684 itemque
1672 2607 1704 2666 in

378 2711 513 2784 Persico,
534 2721 567 2772 ut
587 2728 679 2786 supra
694 2707 831 2767 vidimus.
849 2738 891 2751 -
912 2703 1099 2782 Stipendium
1120 2714 1220 2765 autem
1234 2705 1405 2782 impositum
1428 2721 1496 2765 esse
1511 2707 1631 2784 populis
1645 2726 1705 2768 non

378 2813 469 2874 simul
489 2813 521 2870 in
541 2809 712 2888 provinciae
736 2807 864 2865 formam
890 2805 1019 2865 redactis
1040 2811 1156 2866 tantum
1177 2807 1276 2879 abest,
1303 2814 1337 2863 ut
1357 2804 1509 2865 offendere
1530 2805 1646 2882 debeat,
1672 2815 1706 2868 ut

377 2913 410 2972 td
434 2911 533 2990 ipsum
557 2889 660 2987 paullo
688 2915 759 2984 post
783 2906 814 2965 in
839 2905 961 2984 illyrico
991 2905 1071 2982 (Iris.
1093 2905 1145 2979 45,
1167 2903 1221 2984 26)
1246 2913 1276 2966 et
1301 2906 1332 2965 in
1353 2906 1531 2966 Macedonis
1550 2905 1632 2984 (Iris.
1654 2910 1705 2982 45,

378 3011 433 3088 29)
455 3010 526 3071 item
547 3011 660 3070 factum
681 3008 730 3068 sit
1262 2995 1266 3006 '

461 3109 568 3188 Capite
590 3117 698 3187 quarto
720 3107 763 3183 (v.
779 3105 917 3187 27-31)
938 3107 1039 3185 agitur
1059 3107 1096 3168 de
1117 3108 1281 3168 moenibus.
1316 3107 1428 3185 Oppidi
1442 3109 1562 3168 moenia
1582 3115 1704 3170 senatus

376 3213 461 3273 iubet
485 3209 579 3284 dbni,
606 3219 640 3269 nt
664 3217 772 3286 postea
797 3209 958 3269 Mummius
992 3209 1170 3287 oppidorum
1197 3228 1275 3286 qnae
1295 3207 1440 3269 Romanis
1464 3211 1494 3268 vi
1524 3209 1706 3271 restitissent

376 3314 509 3373 tmuium
530 3311 651 3372 moenia
674 3309 766 3369 diruit
788 3307 931 3384 (Pausan.
955 3307 984 3383 2,
1009 3307 1086 3382 1‚2.
1110 3311 1138 3382 7,
1163 3310 1211 3382 16,
1235 3309 1284 3386 9);
1309 3328 1407 3370 arcem
1428 3310 1520 3370 tradit
1540 3308 1702 3372 'l'bisbseis

373 3414 415 3473 iis
436 3413 488 3488 qui
509 3411 548 3471 ad
568 3409 724 3471 Romanos
745 3410 986 3488 transfugissent,
1012 3418 1046 3469 ut
1071 3410 1131 3468 soli
1151 3408 1193 3469 ibi
1214 3409 1382 3470 habitarent
1402 3429 1527 3489 eamque
1547 3413 1703 3473 moenibus

377 3512 604 3574 circumdarent.
636 3509 686 3570 De
699 3527 819 3571 summa
836 3529 869 3568 re
883 3518 1011 3582 constat,
1033 3528 1214 3587 quamquam
1229 3512 1321 3570 verba
1340 3511 1485 3589 impedita
1499 3523 1569 3572 sunt
1582 3523 1704 3591 propter

376 3613 490 3672 hiatum
518 3631 547 3672 v.
573 3609 613 3670 tt
641 3627 703 3669 non
729 3609 803 3670 satis
829 3619 912 3668 certa
935 3609 1052 3669 ratione
1078 3611 1269 3687 explendum.
1291 3643 1330 3655 —
1352 3611 1487 3671 Adnotat
1506 3633 1536 3690 p.
1559 3613 1596 3671 41
1624 3613 1705 3672 Fou-

374 3721 475 3773 cartus
493 3712 627 3772 locorum
649 3727 760 3789 gnarrm
774 3711 892 3768 moenia
913 3709 993 3769 arcis
1012 3709 1109 3769 adhuc
1123 3711 1344 3772 evidentissime
1365 3713 1446 3772 cerni
1466 3715 1498 3772 in
1515 3712 1593 3772 colle
1613 3732 1704 3792 super

374 3811 494 3874 Kakosi
519 3813 617 3871 vicum
639 3808 843 3870 Dombreuam
869 3827 975 3870 versus
1001 3810 1084 3870 facta
1109 3829 1147 3869 ex
1176 3811 1258 3871 saris
1278 3812 1433 3888 quadratis
1460 3815 1525 3871 sine
1549 3823 1702 3874 caemento

374 3913 545 3973 commissis
571 3918 602 3970 et
627 3910 759 3970 turribus
786 3909 857 3968 olim
884 3910 1009 3968 munita
1056 3911 1141 3970 Idem
1167 3929 1207 3970 ex
1234 3911 1291 3970 hoc
1319 3912 1494 3972 documento
1519 3914 1643 3994 collegit
1666 3933 1703 3975 ea

374 4015 493 4072 moenia
512 4019 582 4089 post
605 4011 638 4068 id
658 4010 856 4086 perscriptum
877 4009 1035 4070 aedificata
1055 4027 1135 4084 esse,
1162 4011 1243 4069 baud
1264 4012 1327 4071 scio
1348 4031 1387 4070 an
1408 4031 1469 4071 non
1489 4021 1578 4074 recte.
1620 4013 1701 4075 Nam

374 4131 473 4171 arcem
494 4129 531 4171 eo
550 4120 684 4186 tempore
704 4110 861 4168 moenibus
882 4111 1017 4169 caruisse
1037 4111 1091 4169 vix
1111 4121 1190 4170 recte
1211 4107 1281 4170 inde
1302 4111 1460 4190 colligitur,
1482 4115 1563 4190 quod
1583 4125 1617 4174 ut
1637 4134 1701 4176 mu·

372 4213 473 4272 niatun
493 4217 615 4270 senatus
634 4211 693 4268 iam
708 4209 862 4286 permittit,
885 4228 952 4269 cum
966 4211 1023 4270 hoc
1044 4211 1116 4270 item
1131 4211 1300 4288 significare
1314 4215 1413 4291 possit
1430 4214 1602 4291 permittere
1623 4235 1700 4288 eum,

373 4321 407 4371 ut
426 4311 542 4372 munita
561 4318 742 4389 permaneat.

456 4409 563 4489 Capite
578 4411 683 4489 quinto
705 4411 747 4489 (r.
764 4409 901 4488 32-35)
923 4412 1022 4492 agitur
1036 4413 1072 4471 de
1094 4431 1168 4472 auro
1187 4409 1383 4476 aThisbaeis
1405 4421 1474 4476 ante
1487 4416 1594 4493 opinor
1608 4435 1699 4494 quant

371 4512 485 4572 bellum
507 4513 623 4573 exarsit
644 4514 754 4574 collato
776 4511 814 4572 ad
835 4529 975 4574 eoronam
997 4513 1029 4572 in
1043 4509 1195 4592 Capitolio
1216 4513 1420 4576 dedicandam.
1456 4515 1578 4579 Scilicet
1598 4525 1699 4578 notum

450 4851 474 4914 ¹)
498 4852 599 4904 Eodem
617 4853 670 4904 iam
688 4859 756 4904 recte
775 4855 927 4918 retenemus,
946 4857 1016 4922 qnod
1028 4858 1065 4908 ait
1078 4857 1170 4910 Cicero
1189 4859 1462 4922 ded.n.3,19,49:
1481 4875 1515 4909 aa
1526 4855 1701 4927 Amphimala

373 4943 421 4992 erit
439 4939 500 4995 detta
525 4950 550 4995 et
572 4941 748 5012 Trophonius!
771 4946 854 4996 nosti
876 4944 974 5012 quiden
986 4945 1134 5014 publicani,
1163 4965 1218 5001 enm
1242 4956 1323 5001 essent
1340 4951 1401 5016 agri
1420 4951 1448 5000 t'n
1468 4947 1577 5001 Boeotia
1599 4941 1699 5001 deorum

364 5031 548 5185 grammatias·
566 5034 664 5102 excepti
681 5033 735 5102 lege
753 5035 876 5097 matema,
896 5033 1022 5104 negabant
1038 5037 1189 5092 mesenates
1207 5056 1260 5092 esse
1277 5037 1352 5101 ullos,
1373 5041 1418 5107 qai
1433 5037 1572 5108 aliquando
1590 5038 1701 5092 besanes

399 5121 482 5173 s'sscm.
1691 5133 1692 5140 ’
