3712 5838
522 579 525 584 '
601 583 1111 645 0111111111011111111111.111.
1214 579 1217 586 '
1445 562 1521 651 297

195 774 234 814 aa
254 776 319 815 uero
341 768 368 816 et
387 759 524 832 quamdiu
549 768 590 817 est
615 749 645 817 ia
671 761 860 836 nuptast-arat
887 762 1052 822 sudseriae
1078 774 1134 834 est,
1161 767 1189 823 ei
1208 768 1234 822 is
1258 769 1455 842 mapiatratas'
1468 779 1520 841 eat,

196 860 327 932 quisine
341 861 453 932 fraude
473 861 504 916 ia
525 863 570 918 iac
591 863 690 918 occari
709 870 887 936 conpotem,
909 864 1111 938 expectandam
1132 881 1206 936 ease,
1233 849 1330 942 quoad
1352 872 1522 944 capistrata

196 959 288 1016 11111.
331 958 438 1034 Itaque
460 960 486 1018 si
515 959 657 1018 mulieres
683 960 740 1018 bae
761 958 796 1020 C.
817 960 990 1021 Lucretium
1016 972 1086 1041 post
1110 965 1269 1040 imperium
1295 965 1463 1043 depositum
1488 970 1520 1029 in

198 1059 246 1116 1111
268 1057 444 1117 eduxissent
464 1059 501 1116 ad
524 1069 692 1135 praetorem
710 1061 898 1138 peregrinam
920 1061 1094 1122 iniuriarum
1115 1065 1236 1124 nomine
1256 1073 1287 1125 et
1307 1069 1522 1144 recuperatori-

198 1157 255 1216 bas
276 1159 315 1216 ab
336 1179 373 1217 eo
395 1153 532 1234 praetore
561 1159 619 1219 sibi
646 1160 725 1219 datis
747 1161 868 1237 planum
889 1161 1031 1222 fecissent
1055 1166 1229 1224 contraius
1250 1166 1322 1225 dolo
1343 1168 1423 1226 male
1443 1186 1463 1227 a
1484 1167 1521 1228 0.

198 1255 340 1317 Lucretio
362 1277 395 1318 se
409 1261 440 1318 in
454 1278 603 1320 carcerem
617 1261 768 1320 coniectas
786 1251 852 1320 esse
873 1262 986 1322 aliasve
1007 1263 1132 1324 iniurias
1153 1266 1307 1343 passas1),
1329 1268 1521 1327 condemnari
1594 1329 1598 1338 ,

84 1361 93 1368 “
196 1377 279 1417 reum
306 1360 445 1436 oportuit.
488 1361 667 1420 Iniuriarum
693 1369 791 1420 autem
818 1362 892 1420 iaris
912 1363 1023 1439 privati
1044 1366 1190 1425 actionem
1216 1367 1290 1426 iuris
1311 1368 1439 1427 consulti
1460 1387 1521 1427 nou

196 1458 337 1534 ignorant
357 1459 505 1536 duplicem
526 1462 629 1534 luisse,
656 1461 780 1521 alteram
800 1461 973 1539 legitimam,
995 1482 1121 1540 poenam
1143 1465 1301 1526 habentem
1326 1477 1380 1527 ant
1396 1467 1521 1526 talionis

196 1567 250 1617 aut
269 1561 414 1636 pecuniae
435 1571 544 1632 certae,
566 1561 692 1621 alteram
713 1553 848 1622 moribus
869 1564 1067 1623 introductam
1089 1564 1190 1640 (Paul.
1206 1554 1362 1632 sent'rec.
1385 1570 1414 1641 5,
1436 1569 1466 1638 4,
1489 1566 1523 1643 7)

197 1665 228 1716 et
254 1660 360 1719 deinde
385 1662 416 1719 in
440 1662 569 1721 edietum
595 1653 744 1737 praetoris
764 1678 914 1740 receptam
935 1665 1179 1725 aestimatoriam.
1221 1667 1270 1726 Ita
1292 1665 1388 1728 Gaius
1410 1668 1439 1741 3,
1463 1665 1524 1725 224

197 1768 356 1835 postquam
386 1761 424 1820 de
455 1763 509 1821 illa
538 1763 616 1821 dixit
640 1764 684 1820 ita
710 1764 819 1839 pergit:
852 1766 903 1822 aad
926 1783 1000 1823 auae
1026 1767 1087 1823 alio
1111 1769 1175 1824 iare
1200 1771 1319 1826 utimur:
1347 1771 1526 1844 premittitur

197 1862 271 1917 enim
283 1861 365 1920 cobis
379 1882 399 1920 a
409 1871 545 1938 praetore
565 1867 637 1940 ipsis
650 1866 787 1922 talamum
805 1855 956 1923 aestruere
975 1873 1006 1922 et
1023 1882 1100 1940 quae
1120 1876 1292 1941 sequuntur.
1336 1865 1526 1945 Quapropter

197 1960 276 2018 actio
297 1961 509 2022 determinatur
534 1963 566 2020 in
587 1970 709 2023 senatus
730 1955 867 2023 consulto
895 1964 1006 2023 additis
1029 1963 1128 2022 verbis
1150 1955 1195 2021 tri
1216 1957 1318 2044 ἀξίαν,
1341 1969 1373 2024 ta
1394 1971 1524 2025 matimo-

198 2064 307 2120 tioaam.
349 2063 424 2122 Inde
448 2064 642 2123 iureconsulti
670 2045 851 2142 quamquam
877 2065 914 2123 de
941 2055 1010 2140 ipsa
1029 2083 1063 2124 re
1083 2063 1157 2123 nihil
1178 2053 1525 2142 1111111111111111111111

196 2159 309 2220 facient
329 2163 386 2223 hoe
410 2164 551 2223 didicisse
576 2166 722 2224 actionem
744 2165 917 2224 iniuriarum
945 2152 1178 2223 aestimatoriam
1205 2165 1272 2240 ipso
1300 2167 1420 2225 saeculo
1441 2167 1525 2225 urbis

197 2267 285 2320 sexto
311 2263 341 2320 in
369 2282 428 2322 usu
452 2265 555 2324 fuisse.
603 2265 715 2324 Rerum
744 2273 843 2323 autem
868 2265 1072 2326 Romanarum
1099 2264 1226 2324 studiosi
1251 2266 1295 2324 ita
1319 2267 1525 2325 confirmatum

197 2361 359 2437 habebunt,
384 2365 466 2440 quod
495 2366 607 2424 dudum
627 2383 719 2425 nosse
745 2374 898 2446 poterant,
926 2364 980 2422 sed
1005 2363 1199 2423 nihilominus
1226 2364 1311 2423 multi
1336 2365 1525 2441 ignorabant,

196 2461 319 2522 licuisse
340 2465 497 2540 unicuique
518 2466 581 2526 sive
602 2466 661 2525 civi
682 2466 746 2525 sive
767 2457 925 2542 peregrino
946 2464 1154 2541 magistratum
1176 2475 1298 2542 propter
1317 2451 1367 2538 id,
1394 2466 1473 2543 quod
1494 2466 1525 2525 in

197 2564 375 2639 magistratu
389 2564 596 2637 commisisset,
617 2567 648 2623 in
667 2566 715 2623 ius
729 2581 838 2623 rocare
859 2572 892 2622 ut
902 2555 965 2622 ¹alio
980 2563 1091 2623 indicio
1105 2564 1234 2640 privato,
1257 2565 1300 2624 ita
1319 2565 1392 2624 furti
1407 2584 1526 2643 quoque

197 2667 228 2719 et
247 2662 433 2721 iniuriarum.
470 2662 551 2736 Quid
572 2665 653 2741 quod
673 2665 813 2724 universa
832 2663 1063 2739 repetundarum
1080 2666 1218 2740 quaestio
1239 2673 1307 2725 orta
1326 2675 1375 2726 est
1394 2686 1433 2725 ex
1454 2651 1527 2726 furti

196 2759 315 2820 actione
342 2762 390 2821 vel
411 2764 510 2840 potius
537 2782 576 2823 ex
602 2764 788 2822 condictione
808 2764 922 2822 furtiva
945 2765 1020 2823 iuris
1040 2765 1161 2841 privati.
1187 2797 1226 2809 -
1255 2765 1383 2828 Senatus
1405 2774 1439 2826 ut
1459 2787 1527 2844 per-

125 2876 129 2884 ·
197 2860 297 2919 mittat
315 2862 462 2921 eiusmodi
482 2863 630 2921 actionem
650 2857 814 2936 intendere,
840 2881 913 2924 sane
933 2863 1014 2941 leges
1035 2883 1096 2923 non
1117 2865 1282 2941 requirunt
1309 2867 1363 2925 sed
1389 2868 1527 2943 quitum

197 2969 263 3020 erat
282 2968 380 3020 status
396 2963 440 3020 rei
455 2959 575 3037 publiea
588 2963 753 3036 Romanae,
774 2964 921 3024 eiusmodi
935 2964 1104 3024 consultum
1118 2965 1178 3024 nisi
1192 2967 1414 3043 praecessisset,
1436 2967 1527 3026 homo

197 3062 372 3138 peregrinus
398 3080 481 3120 reum
508 3063 623 3121 ordinis
652 3063 795 3122 senatorii
819 3064 851 3122 in
875 3065 1019 3124 iudicium
1039 3065 1208 3125 vocavisset
1229 3085 1296 3124 euru
1318 3083 1375 3124 sua
1394 3069 1527 3143 pernicie

197 3162 298 3238 potius
319 3179 408 3236 quam
429 3161 522 3220 illius.
565 3162 663 3222 Plane
687 3163 825 3222 similiter
846 3182 925 3222 anno
946 3164 1142 3241 praecedente
1162 3163 1293 3240 Hispani
1314 3166 1378 3222 nixi
1399 3167 1527 3242 genibus
1552 3178 1555 3184 ‘

98 3321 108 3334 ,
197 3262 236 3320 ab
261 3270 366 3320 senatu
391 3262 553 3339 petierant,
580 3268 614 3320 ut
640 3262 677 3320 de
697 3263 831 3340 pecuniis
853 3265 949 3339 captis
970 3269 1138 3340 praetorem
1162 3263 1195 3321 in
1215 3264 1263 3322 ius
1286 3280 1393 3321 vocare
1414 3264 1527 3338 liceret,

196 3361 288 3436 idque
310 3380 377 3420 cunr
398 3362 652 3440 impetravissent,
674 3363 934 3440 recuperatoribus
949 3363 1077 3439 sumptis
1098 3381 1167 3421 eum
1181 3362 1358 3421 damnarant
1378 3361 1459 3437 (Liv.
1475 3364 1525 3437 43,

199 3458 243 3537 2).
264 3493 303 3506 -
329 3461 380 3519 Ad
402 3460 437 3544 C.
458 3461 631 3521 Lucretium
653 3469 688 3521 ut
706 3462 875 3534 redeamus,
897 3479 958 3538 quo
979 3471 1113 3540 tempore
1133 3463 1192 3522 boc
1212 3470 1335 3521 senatus
1356 3463 1527 3522 consultum

196 3560 377 3634 factumest,
398 3579 501 3622 mense
516 3561 642 3622 Octobri
656 3581 684 3620 a.
699 3561 760 3622 584
775 3561 886 3621 dudum
904 3563 932 3620 is
953 3582 993 3621 ex
1007 3562 1184 3625 Macedonia
1197 3562 1341 3635 redierat3
1362 3581 1432 3622 uam
1445 3563 1526 3622 iusto

198 3668 333 3738 tempore
348 3679 553 3723 successorem
574 3663 691 3739 accepit
709 3681 764 3722 nec
777 3662 932 3740 probabile
947 3671 995 3722 est
1012 3669 1083 3739 post
1103 3663 1171 3721 idus
1186 3663 1311 3721 Martias
1330 3682 1357 3721 a.
1373 3664 1444 3737 584,
1465 3682 1526 3741 quo

198 3763 354 3839 imperium
375 3765 490 3823 finitum
512 3773 586 3837 erat,
614 3763 666 3824 diu
686 3782 756 3822 eum
775 3782 831 3840 pro
851 3771 989 3840 praetore
1011 3763 1103 3822 classi
1123 3762 1301 3839 praefuisse.
1343 3762 1405 3825 Sed
1424 3765 1526 3841 ipsum

198 3861 321 3923 Livium
335 3881 426 3942 supra
440 3865 569 3924 vidimus
582 3864 695 3924 referre
710 3863 895 3940 aliquamdiu
916 3883 984 3923 eum
998 3863 1124 3923 latuisse
1139 3863 1224 3921 Antii
1239 3863 1317 3921 falso
1337 3871 1525 3935 excusatum,

199 3973 351 4040 tamquam
371 3966 416 4024 rei
437 3966 576 4041 publicae
596 3983 690 4025 causa
710 3964 848 4036 abesset,
876 3973 907 4024 et
927 3964 1085 4042 eapropter
1107 3972 1244 4023 senatum
1265 3981 1386 4023 causam
1408 3961 1527 4023 Chalci-

198 4062 337 4124 densium
357 4065 528 4143 ampliasse,
549 4066 644 4125 donec
658 4065 786 4126 adesset
819 4062 906 4138 Quae
926 4065 1028 4126 omnia
1048 4065 1138 4124 etiam
1159 4064 1198 4126 ad
1212 4064 1433 4124 Thisbaeorum
1453 4071 1525 4140 que·
1617 4102 1624 4108 —

198 4166 342 4228 rimonias
364 4173 444 4228 recte
464 4166 629 4227 reseremus
650 4167 716 4226 sine
736 4165 828 4226 dubio
849 4143 939 4225 simul
958 4166 1022 4226 iere
1041 4173 1194 4226 uacuus.

280 4265 388 4344 Capite
408 4267 522 4327 decimo
543 4268 587 4344 (v.
609 4266 747 4343 53-56)
772 4267 872 4343 agitur
892 4265 929 4326 de
950 4265 1094 4325 societate
1113 4264 1255 4325 frumenti
1279 4273 1320 4338 et,
1346 4272 1380 4324 ut
1399 4265 1525 4337 videtur,

198 4367 270 4439 olei,
293 4386 371 4444 quae
392 4367 551 4428 Thisbaeis
571 4369 664 4428 fuerit
683 4387 751 4427 cum
773 4365 878 4426 Gnaeo
902 4365 1022 4423 homine
1042 4365 1227 4437 Pandosino,
1248 4364 1279 4421 id
1300 4372 1358 4435 est,
1378 4369 1412 4421 ut
1432 4380 1527 4438 snpra

200 4488 231 4546 p.
246 4469 306 4529 289
322 4468 460 4544 vidimus,
476 4468 590 4527 italico.
625 4467 760 4530 Societas
774 4485 810 4524 ea
826 4466 908 4542 (nam
930 4464 992 4522 alia
1009 4481 1058 4523 res
1071 4464 1217 4522 vocabulo
1232 4462 1312 4538 quod
1333 4468 1380 4520 est
1399 4454 1526 4519 κοινωνία

202 4571 364 4648 significari
387 4589 448 4629 non
468 4569 580 4647 potuit)
600 4568 671 4627 talis
691 4568 754 4626 iere
775 4567 842 4638 fuit,
864 4565 985 4642 qualem
1003 4562 1145 4622 describit
1164 4559 1314 4640 Ulpianus
1336 4562 1410 4639 (dig.
1432 4562 1481 4633 17,
1495 4560 1525 4618 1.

203 4671 253 4746 52,
273 4671 317 4749 2),
339 4670 389 4730 ubi
411 4689 512 4748 aprum
528 4671 649 4749 politur-i
669 4671 770 4728 damas
791 4669 823 4724 ia
844 4683 985 4726 caumana
1006 4664 1176 4742 quaerendis
1190 4663 1350 4741 pastilam
1373 4679 1450 4739 quae
1471 4679 1526 4736 po·

201 4773 321 4833 litiones
336 4772 487 4849 quomodo
509 4771 572 4831 fieri
595 4770 730 4841 debeant,
752 4765 828 4826 Cato
842 4766 880 4825 de
901 4763 1106 4825 rerust.136.
1125 4763 1182 4821 137
1206 4771 1327 4822 enarrat
1341 4762 1391 4838 (ci.
1406 4761 1525 4822 Plinius

281 5087 305 5150 ¹)
328 5087 370 5140 De
390 5095 477 5152 stupro
496 5085 638 5138 Foueartus
657 5083 761 5149 cogitat,
780 5094 863 5146 nequa
881 5079 910 5132 id
926 5079 1080 5130 iniuriarum
1098 5077 1198 5130 actione
1217 5090 1270 5134 uon
1289 5053 1527 5141 comprobantium⁴

204 5178 249 5230 sed
269 5195 313 5230 cnr
332 5179 365 5230 de
383 5193 414 5231 ea
431 5179 525 5230 iniuria
543 5176 705 5242 potissimum
723 5173 871 5240 cogitemus,
891 5185 969 5225 causa
986 5170 1058 5223 nulla
1075 5175 1121 5222 est.
