3742 5826
636 575 934 631 oasuavamouns
953 578 1070 630 aaran.
1090 579 1123 628 v.
1469 562 1539 634 tut

214 750 415 820 Maximian03
436 749 576 808 illaesum
595 748 741 808 remansit
755 767 815 806 una
829 767 896 808 eum
912 746 1025 808 Chloro
1040 749 1070 807 in
1085 750 1231 811 Africano
1245 771 1274 810 u.
1289 754 1336 827 ll,
1360 756 1410 816 ubi
1425 757 1542 817 sublata

208 862 286 912 ¹sont
306 850 429 910 nomina
449 857 510 908 tarn
532 848 716 908 Diocletiani
738 855 768 908 et
789 849 965 908 Maximiani
987 868 1077 926 quam
1100 849 1205 912 Severi
1227 861 1257 914 et
1270 854 1438 931 Maximini,
1460 861 1541 919 etin

213 954 352 1031 Hispano
374 972 404 1011 n.
420 952 454 1024 8,
480 952 532 1011 ubi
561 949 665 1010 excisa
686 958 757 1011 suat
777 949 899 1009 uomina
920 950 1100 1036 Diocletiani
1122 960 1152 1011 et
1172 955 1358 1017 Maximiani.
1402 960 1542 1038 Denique

214 1053 318 1116 Severi
333 1059 363 1114 et
377 1054 535 1114 Maximini
557 1052 679 1112 nomina
697 1053 851 1130 perierunt
871 1052 902 1109 in
924 1052 1019 1112 titulis
1041 1054 1160 1114 duobos
1177 1056 1292 1116 urbano
1312 1078 1342 1118 n.
1357 1061 1393 1117 11
1417 1069 1447 1121 et
1463 1063 1542 1122 Alti-

214 1174 290 1214 cano
313 1175 343 1214 n.
360 1154 408 1212 12.

297 1257 396 1315 Erasa
421 1262 493 1316 sunt
517 1254 640 1315 nomina
665 1272 703 1313 ea
723 1253 760 1312 de
786 1253 893 1330 quibus
920 1252 1037 1332 agimus
1063 1255 1095 1314 in
1121 1255 1268 1318 Numidia
1286 1260 1542 1341 Mauretaniisque

215 1375 274 1416 non
301 1365 370 1416 ante
395 1376 422 1416 a.
443 1357 520 1429 305;
550 1375 619 1415 nam
648 1373 757 1414 rasura
782 1356 919 1432 pervenit
942 1374 1004 1414 uon
1031 1356 1128 1416 solum
1154 1359 1193 1416 ad
1215 1361 1335 1420 titulum
1363 1364 1432 1423 ιι.9
1460 1366 1542 1425 dedi·

214 1466 315 1517 catum
336 1477 363 1516 a.
380 1459 439 1518 303
461 1465 605 1530 exeunte,
631 1457 686 1516 sed
707 1457 796 1516 etiam
818 1457 856 1515 ad
877 1456 1005 1516 alterum
1026 1477 1056 1517 u.
1074 1460 1126 1531 11,
1152 1477 1241 1536 quem
1262 1471 1388 1539 apparet
1408 1466 1541 1543 positum

214 1577 280 1620 esse
310 1568 382 1636 post
411 1558 629 1618 abdicationem
659 1559 810 1618 seniorum
837 1559 1043 1634 Augustorum
1070 1566 1101 1619 et
1127 1562 1307 1622 creationem
1334 1567 1542 1641 Augustorum

215 1659 386 1720 Constantii
407 1668 437 1719 et
458 1659 588 1732 Galerii,
610 1657 774 1719 Caesarum
797 1656 901 1720 Severi
923 1665 953 1718 et
973 1660 1146 1734 Maximini,
1172 1678 1249 1739 quae
1271 1664 1350 1725 iacta
1370 1672 1417 1726 est
1437 1689 1465 1727 a.
1480 1670 1539 1728 305

214 1761 244 1820 k.
268 1762 365 1839 April.
379 1794 421 1804 —
448 1762 484 1821 In
504 1762 577 1821 urbe
599 1761 679 1821 idem
699 1761 808 1820 accidit
828 1769 907 1820 certe
928 1778 989 1818 uon
1010 1763 1158 1822 anteriore
1179 1772 1326 1842 temperer
1347 1786 1415 1828 nam
1439 1768 1542 1829 titulus

214 1881 244 1921 ιι.
260 1861 312 1934 10,
338 1865 390 1938 qui
417 1863 536 1922 lituram
560 1879 723 1940 perpessus
749 1870 811 1935 est,
842 1862 997 1922 dedicatus
1023 1869 1069 1922 est
1096 1883 1123 1923 a.
1138 1864 1198 1924 305
1220 1867 1269 1925 rel
1289 1867 1359 1928 306.
1403 1868 1541 1946 Denique

216 1961 353 2023 Gallicus
375 1984 404 2023 n.
422 1963 460 2021 12
482 1963 620 2023 similiter
641 1981 746 2022 erasus
768 1962 883 2038 positus
905 1971 952 2022 eat
972 1963 1050 2021 inter
1071 1982 1098 2022 a
1115 1965 1175 2024 306
1191 1973 1222 2025 et
1236 1966 1306 2027 308.
1372 2005 1376 2011 -

298 2064 401 2124 Causa
414 2066 520 2124 harum
534 2066 692 2124 liturarum
706 2081 854 2141 quaenam
868 2062 967 2134 luerit,
984 2065 1187 2140 quaerendum
1202 2077 1348 2144 superest.
1382 2069 1542 2132 Renierins

214 2167 295 2242 quod
317 2165 444 2226 coniecit
465 2166 499 2243 (l.
514 2184 539 2226 c.
562 2165 598 2225 ad
620 2185 649 2224 n.
666 2165 700 2242 9)
721 2182 782 2223 non
803 2165 981 2224 auctoritate
1002 2166 1125 2241 publica
1144 2168 1266 2227 nomina
1285 2169 1338 2227 illa
1352 2170 1451 2230 deleta
1465 2190 1542 2245 esse,

216 2268 271 2326 sed
292 2266 359 2326 odio
382 2265 623 2327 Christianorum
645 2267 727 2343 quod
747 2273 817 2343 post
837 2264 1026 2325 Constantini
1049 2265 1205 2326 victoriam
1227 2269 1258 2326 in
1279 2270 1384 2330 Africa
1404 2273 1544 2332 efferbuit

215 2377 319 2428 contra
343 2369 498 2446 religionis
521 2368 661 2444 antiquae
683 2373 846 2427 sectatores
869 2373 899 2426 et
918 2367 1046 2425 recentis
1068 2376 1288 2443 persecutores,
1310 2381 1389 2432 recte
1411 2371 1542 2432 Roscius

215 2470 331 2542 reiecit;
355 2469 469 2528 nullam
490 2471 569 2529 enim
591 2469 729 2527 novimus
750 2467 898 2528 eiusmodi
919 2469 1080 2526 memoriae
1102 2468 1323 2530 damnationem
1345 2472 1403 2532 nisi
1423 2475 1543 2551 publice

215 2568 328 2629 iussam
353 2589 449 2647 neque
475 2569 630 2647 probabile
658 2575 705 2628 eat
730 2569 829 2628 simile
854 2568 970 2628 facinus
995 2569 1097 2645 perfici
1119 2571 1254 2650 potuisse
1273 2573 1393 2647 privato
1415 2575 1543 2634 consilio

215 2667 466 2730 Christianorum.
509 2671 576 2750 Ego
604 2670 685 2747 quod
705 2670 851 2747 proposui
872 2669 991 2728 titulum
1015 2668 1268 2748 Ostipponensem
1291 2673 1436 2733 adnotans
1459 2675 1543 2735 abdi·

214 2771 360 2830 cationem
386 2771 570 2833 Diocletiani
597 2779 627 2830 et
653 2770 830 2830 Maximiani
861 2771 894 2829 in
919 2771 967 2829 hia
993 2771 1130 2848 partibus
1156 2770 1328 2850 longinquis
1356 2775 1400 2832 ita
1424 2794 1542 2852 percre-

214 2873 333 2946 buisse,
358 2882 392 2932 ut
413 2873 442 2932 vi
470 2873 599 2951 depositi
624 2873 720 2950 magia
742 2872 932 2932 crederentur
952 2889 1042 2948 quam
1065 2872 1193 2932 honesta
1214 2875 1314 2950 specie
1336 2876 1457 2950 remoti,
1482 2879 1542 2937 iam

214 2973 357 3051 intellego
383 2975 507 3034 refutari
535 2975 670 3032 erasione
696 2973 848 3032 nominum
871 2970 987 3032 Galerii
1012 2970 1118 3033 Severi
1138 2974 1311 3047 Maximini,
1336 2995 1425 3052 quam
1452 2978 1544 3036 simul

215 3075 325 3134 facum
349 3092 418 3133 esse
439 3093 526 3134 nemo
547 3075 635 3133 facile
656 3075 785 3150 negabit.
829 3071 909 3132 Saue
930 3073 1066 3132 Herculii
1087 3093 1195 3133 nornen
1217 3095 1269 3135 cur
1290 3076 1429 3136 abrasum
1453 3078 1493 3138 sit
1514 3086 1544 3138 et

217 3185 324 3252 sponte
350 3183 433 3253 patet
460 3185 489 3234 et
515 3183 616 3234 narrat
643 3173 820 3232 Lactantius
848 3175 885 3233 de
913 3181 1001 3234 mort.
1030 3191 1146 3251 perseo.
1173 3192 1197 3234 c.
1219 3174 1273 3233 42:
1303 3179 1396 3236 eodem
1424 3189 1544 3254 tenpore

216 3277 345 3352 (scilicet
371 3287 440 3352 post
461 3277 582 3335 caedem
603 3275 777 3334 Maximiani
801 3275 927 3332 senioris
949 3293 1021 3351 ap.
1038 3273 1072 3333 C.
1089 3275 1164 3350 310)
1190 3280 1266 3334 aenis
1288 3277 1464 3336 Maximiani
1484 3291 1543 3338 atu·
1613 3350 1616 3356 Ι

217 3390 282 3438 tuae
299 3379 477 3439 Constantini
497 3381 577 3436 iuaau
597 3377 804 3435 revellebantur
825 3384 853 3433 et
870 3379 1017 3450 inopinos,
1039 3375 1206 3450 ubicumque
1226 3374 1304 3450 (cod.
1326 3381 1464 3454 imapinea
1482 3397 1544 3438 cuna

217 3479 288 3556 quo)
306 3482 401 3555 pietur
423 3490 503 3550 earet,
525 3477 761 3538 detrahebantur:
781 3485 808 3535 et
823 3477 894 3550 quia
907 3494 986 3534 aenea
1001 3475 1082 3533 orabo
1097 3475 1182 3534 simul
1190 3476 1357 3550 plerumque
1366 3482 1440 3553 picti
1453 3489 1544 3550 erant,

217 3590 243 3638 et
256 3583 394 3656 inopium
407 3580 493 3638 simul
506 3579 717 3656 deponebantur
729 3576 883 3635 amborum.
909 3575 1013 3651 Itaque
1026 3574 1130 3650 (immo
1143 3576 1242 3652 idque)
1257 3595 1319 3634 eum
1332 3578 1439 3636 uideret
1454 3577 1543 3652 (Dio-

216 3681 375 3757 cletianua)
395 3684 487 3751 uiuua,
510 3683 589 3756 quod
603 3680 678 3739 nulli
690 3697 824 3756 umquam
838 3681 1039 3754 imperatorum
1053 3678 1206 3747 caudeae,
1226 3679 1401 3736 moriendum
1415 3679 1470 3738 tibi
1483 3697 1544 3739 erae

217 3783 346 3842 decrevit.
379 3781 479 3840 Etiam
494 3781 645 3842 Eusebius
660 3781 705 3840 sic
719 3779 824 3839 scribit
834 3777 878 3856 ¹):
895 3766 1005 3860 πρώτου
1020 3766 1119 3834 τούτου
1136 3777 1339 3854 (Maximiani)
1355 3772 1407 3839 uie
1421 3769 1465 3837 ἐπὶ
1479 3781 1545 3858 τιμῇ

217 3877 337 3966 γραφὰς
360 3872 529 3967 ἆνδριᾶντας
553 3904 584 3940 τε
610 3871 658 3940 aui
679 3875 735 3938 ira
757 3882 875 3938 τοιαῦτα
897 3875 943 3936 ἔπ’
966 3869 1105 3935 ἇνιιθέτει
1127 3869 1282 3946 cardumae
1304 3875 1342 3940 uie
1363 3871 1475 3938 riveriae
1496 3870 1544 3938 ucri

219 3976 458 4049 δυσσεβεπάτου
483 3975 641 4066 καθῄρουν.
684 3984 727 4041 At
753 3981 791 4041 ad
811 3979 975 4040 Africanos
997 3980 1100 4038 titulos
1121 3980 1243 4055 proprie
1264 3980 1339 4040 haec
1359 3999 1420 4039 non
1441 4000 1545 4056 perve-

218 4085 317 4158 niunt3
339 4102 376 4144 ec
397 4085 474 4146 enim
496 4092 628 4162 ternpore
649 4103 710 4160 quo
725 4081 941 4142 Constantinus
956 4080 1134 4140 Maximiani
1155 4080 1285 4140 senioris
1308 4089 1424 4140 statuas
1441 4082 1546 4140 revelli

218 4186 316 4259 iussit,
338 4185 443 4245 Africa
463 4203 522 4244 non
544 4186 605 4262 ipsi
625 4186 759 4260 parebat,
782 4183 836 4242 sed
857 4189 909 4240 aut
929 4182 1085 4240 Maxentio
1105 4190 1158 4241 aut
1173 4182 1351 4242 Alexandro
1373 4183 1500 4258 (Zosim.
1515 4182 1545 4255 e,

222 4287 270 4345 tt.
292 4289 340 4346 13.
361 4286 424 4362 14).
466 4285 567 4345 Huius
593 4287 689 4364 ipsius
716 4284 884 4344 Alexandri
909 4284 997 4342 iussu
1023 4282 1205 4342 Diocletiani
1231 4283 1406 4342 Maximiani
1430 4282 1547 4342 Galerii

219 4395 334 4447 statuas
360 4388 496 4446 sublatas
522 4405 590 4447 esse
616 4386 725 4445 conicit
752 4385 897 4457 Roscius,
929 4383 1034 4443 Chlori
1056 4384 1177 4442 relictas
1204 4391 1307 4459 utpote
1333 4392 1402 4441 ante
1428 4382 1546 4459 mortui.

220 4487 280 4550 seu
302 4509 362 4548 non
383 4489 458 4547 satis
479 4488 671 4564 intellegitur,
693 4505 783 4562 quam
806 4487 928 4544 obrem
943 4483 1117 4543 Alexander
1137 4492 1197 4540 tam
1219 4483 1337 4545 insenso
1359 4483 1458 4540 animo
1480 4499 1547 4557 per·

220 4600 341 4649 secutus
367 4591 407 4648 sit
428 4591 623 4664 imperatores
644 4607 713 4659 eos,
741 4587 792 4663 qui
814 4595 866 4644 aut
887 4602 1013 4661 regnare
1035 4583 1196 4642 desiissent
1217 4589 1270 4640 aut
1291 4590 1370 4640 certe
1391 4595 1457 4638 cum
1480 4581 1547 4655 ipso

219 4711 282 4751 rem
308 4709 369 4750 nou
390 4690 542 4749 haberent.
586 4689 687 4764 Quare
706 4690 802 4765 magis
825 4687 1001 4746 crediderim
1024 4693 1190 4743 statuarum
1212 4701 1315 4741 aarum
1335 4702 1390 4760 per
1411 4681 1545 4739 Africam

297 4941 321 5004 ¹)
350 4943 417 4992 Hiat.
437 4944 526 4993 eccles.
548 4943 789 5008 8‚13*iiademque
813 4941 867 4992 iera
886 4940 970 4991 verbis
996 4939 1040 4988 rit.
1060 4937 1149 4988 Cenat.
1172 4938 1195 4996 1,
1210 4935 1254 4984 47.
1293 4932 1436 4983 Contendit
1459 4937 1550 4980 auctor

219 5035 337 5098 imperite
361 5034 551 5084 Maximianum
573 5034 700 5083 senlorem
725 5040 750 5083 et
770 5033 944 5084 Maximinum
967 5031 1081 5090 Daram3
1107 5027 1152 5077 sed
1177 5025 1210 5076 ad
1233 5025 1306 5074 lllum
1330 5024 1458 5088 pertinere
1484 5037 1549 5087 quae

219 5133 357 5176 namuutur
375 5126 438 5175 satia
456 5131 564 5176 constat.
602 5123 701 5176 Eadem
716 5125 843 5176 Licinium
862 5125 953 5176 iecisse
972 5123 997 5173 in
1018 5119 1132 5186 partibus
1152 5116 1266 5170 Orientis
1284 5116 1386 5167 deuicto
1404 5113 1549 5166 Maximino

220 5215 276 5266 luae
294 5223 414 5267 narratur
431 5217 491 5267 hist.
509 5216 571 5267 eccl.
591 5217 676 5278 9,11.
