3736 5822
324 587 373 659 60
896 589 1077 646 nonusnn

322 683 1650 718 „effi—ff*—

322 775 387 835 eius
408 783 480 834 natu
500 771 649 830 maximus
671 769 790 826 Marcus
812 765 907 824 dictus
929 763 978 832 sit,
999 761 1159 821 admodum
1182 757 1335 834 probabile
1350 755 1516 814 estendam
1531 753 1651 811 nomine
1744 742 1758 754 ⁵

321 875 414 934 etiam
435 873 574 932 maritum
594 887 681 928 usnnr
703 885 779 927 esse.

408 976 437 1034 5.
481 970 585 1032 Simile
612 969 684 1045 quid
709 985 766 1026 usu
789 966 868 1026 venit
889 965 920 1024 in
942 963 1031 1022 Iunia
1051 960 1180 1021 Calvina
1200 959 1332 1035 Augusti
1353 958 1489 1034 abnepte.
1533 953 1654 1014 Titulus

325 1075 438 1136 Tibure
464 1074 536 1131 olim
564 1077 699 1130 servatus
720 1067 825 1126 lunias
851 1065 1005 1126 cuiusdam
1032 1061 1084 1139 Sp.
1110 1062 1131 1120 f.
1155 1059 1352 1136 Tyrauuidis‚
1378 1075 1456 1133 quae
1482 1056 1523 1114 ibi
1545 1055 1654 1116 dicitur

328 1174 468 1235 Caluinae
489 1173 534 1230 M.
556 1172 655 1232 Silani
669 1167 780 1246 fidiae)
803 1167 934 1224 delicium
960 1163 1063 1238 (Grut.
1089 1161 1183 1234 1024,
1201 1160 1235 1232 23
1263 1158 1411 1234 Borghesi
1432 1157 1453 1215 l.
1473 1175 1498 1216 c.
1520 1173 1549 1233 p.
1566 1155 1653 1230 203),

324 1296 344 1336 a
365 1275 531 1350 Borghesio
558 1270 698 1330 tribuitur
724 1269 825 1327 nescio
852 1265 900 1325 cui
922 1266 1025 1323 lunius
1046 1261 1190 1323 Calvinae
1215 1267 1371 1337 praeterea
1390 1259 1511 1334 ignotae
1532 1263 1656 1334 propter

326 1396 392 1436 eam
418 1375 514 1433 solam
536 1390 672 1442 cansam,
699 1368 779 1446 quod
800 1376 885 1446 pater
905 1366 946 1425 ibi
969 1365 1079 1423 dicitur
1100 1381 1160 1422 non
1180 1362 1315 1439 Appius,
1342 1359 1395 1418 sed
1416 1361 1546 1418 Marcus.
1588 1356 1653 1415 lam

324 1484 484 1554 postquam
504 1473 633 1532 vidimus
654 1473 835 1545 abnepotum
853 1467 983 1542 Augusti
1006 1473 1120 1541 patrem
1141 1463 1198 1522 hoc
1219 1463 1286 1538 ipso
1308 1461 1428 1520 nomine
1448 1460 1553 1532 fuisse,
1574 1459 1654 1517 hunc

323 1595 445 1654 qunque
467 1575 585 1634 titulum
607 1572 729 1646 abnepti
749 1571 878 1628 tribuere
899 1585 959 1626 non
980 1564 1191 1625 dubitabimus.

410 1676 550 1734 Vidimus
564 1672 725 1733 Aemiliam
740 1669 886 1748 Lepidam
901 1671 1078 1743 proneptem
1092 1664 1223 1742 Augusti
1236 1673 1337 1722 natam
1353 1681 1378 1721 c.
1393 1681 1421 1720 a.
1437 1661 1496 1720 751
1512 1661 1655 1738 nupsisse

327 1797 353 1838 c.
368 1798 395 1836 a.
411 1775 471 1836 766
492 1776 534 1835 M.
551 1772 656 1834 Silano
677 1773 831 1847 filiumque
852 1769 984 1828 eiusdem
1005 1767 1135 1826 nominis
1156 1765 1287 1824 edidisse
1307 1764 1376 1840 ipso
1398 1780 1477 1821 anno
1493 1762 1551 1820 767
1572 1769 1655 1820 ante·

326 1897 415 1955 quam
437 1877 515 1934 diem
537 1876 693 1950 Augustus
716 1873 811 1930 obiret
832 1871 925 1946 (Aug.
943 1869 1005 1945 19).
1049 1869 1114 1926 lam
1138 1875 1173 1924 nt
1193 1865 1292 1924 mariti
1312 1847 1380 1923 eius
1401 1863 1499 1922 locum
1519 1869 1655 1940 parente·

326 1981 449 2053 lamque
474 1975 718 2045 determinemus,
743 1971 965 2031 recensebimus
992 1969 1100 2028 aetatis
1123 1951 1279 2042 Augustae
1304 1963 1438 2036 Silanos,
1464 1982 1590 2040 quorum
1615 1960 1656 2020 ad

327 2097 384 2139 nos
405 2077 550 2138 memoria
571 2075 715 2151 pervenit.

414 2182 441 2238 l.
484 2177 527 2235 M.
553 2177 657 2236 Iunius
672 2175 805 2234 Silanus
834 2191 889 2231 cos.
920 2191 948 2230 a.
970 2189 998 2227 ιι.
1020 2187 1043 2226 c.
1060 2169 1120 2228 729
1148 2166 1310 2244 (Borghesi
1337 2167 1357 2226 l.
1378 2186 1404 2225 c.
1432 2185 1462 2242 p.
1480 2164 1564 2240 180).
1607 2162 1657 2223 De

328 2290 414 2362 patre
442 2301 503 2340 non
531 2279 605 2338 satis
631 2282 762 2344 coustst3
792 2291 861 2331 nam
888 2271 939 2347 qui
965 2271 997 2328 in
1022 2277 1144 2328 senatus
1170 2269 1309 2331 consulto
1330 2286 1358 2324 a.
1377 2288 1407 2326 ιι.
1427 2285 1452 2325 c.
1469 2267 1526 2326 737
1551 2263 1655 2342 (Grut.

330 2383 489 2454 328‚1=.-
506 2380 560 2450 VI,
576 2376 650 2453 877)
676 2375 754 2433 inter
775 2390 827 2431 eos
848 2371 900 2446 qui
921 2369 1083 2429 scribundo
1104 2369 1262 2427 adsuerunt
1281 2368 1378 2444 primo
1399 2367 1466 2425 loco
1487 2367 1658 2426 nominatur

330 2473 791 2554 M.1unusM.f.Ss[unur]‚
821 2490 889 2530 eum
915 2471 995 2531 bunc
1021 2470 1118 2546 ipsum
1139 2470 1234 2528 fuisse
1255 2468 1440 2545 Borghesins
1463 2468 1568 2526 statuit
1588 2485 1657 2543 pro·

329 2581 470 2642 habiliter
490 2579 620 2656 quidem,
644 2576 697 2634 sed
717 2573 923 2633 deficientibus
945 2572 1129 2648 argumentis
1151 2570 1250 2628 certis.

415 2681 444 2740 2.
486 2679 525 2739 L.
546 2680 648 2737 Iunius
670 2675 790 2735 Silenus
812 2674 983 2732 candidatus
1005 2689 1061 2729 cos.
1083 2674 1115 2728 ιἰι
1136 2690 1164 2730 α.
1183 2671 1241 2730 733
1263 2669 1342 2744 (Dio
1364 2670 1414 2741 54,
1429 2668 1462 2744 6)
1489 2670 1658 2728 nominatur

331 2785 402 2844 item
428 2783 506 2841 inter
532 2778 657 2838 heredes
680 2773 715 2835 C.
737 2772 833 2834 Cestii
859 2791 918 2832 una
939 2791 1008 2831 cum
1028 2771 1069 2829 M.
1091 2771 1228 2848 Agrippa
1249 2771 1282 2846 (†
1298 2769 1374 2847 742)
1397 2771 1428 2829 in
1449 2771 1538 2829 titulo
1560 2769 1656 2830 Orell.

329 2886 371 2946 Ι18
395 2881 558 2960 (Borghesi
578 2881 598 2938 l.
615 2898 640 2937 c.
662 2897 691 2954 p.
711 2875 795 2951 181).

416 2984 444 3042 3.
491 2983 522 3042 0.
549 2981 651 3038 lunius
674 2977 706 3038 C.
727 2979 755 3052 s.
778 2976 899 3035 Silurus
926 2992 982 3033 cos.
1009 2993 1037 3032 a.
1058 2993 1086 3032 ιι.
1107 2993 1130 3032 c.
1147 2973 1209 3032 737
1237 2972 1405 3049 (Borghesi
1431 2971 1452 3030 l.
1472 2991 1498 3031 e.
1525 2990 1555 3047 p.
1574 2969 1657 3048 182).

331 3083 433 3156 Patri,
460 3099 548 3158 quem
579 3077 690 3139 Gaium
716 3076 850 3153 appellat
877 3073 937 3133 Dio
964 3076 995 3133 in
1021 3073 1119 3132 indice
1149 3073 1201 3150 (ci.
1226 3073 1241 3132 1
1267 3091 1296 3148 p.
1313 3074 1402 3149 547),
1431 3072 1525 3131 Marci
1551 3089 1659 3131 nomen

331 3185 424 3244 fuisse
449 3180 602 3241 contendit
621 3178 808 3255 Borghesins
835 3184 995 3254 propterea
1020 3174 1099 3249 quod
1125 3173 1229 3232 consul
1250 3193 1277 3231 a.
1294 3172 1353 3232 763
1376 3175 1406 3231 in
1427 3174 1515 3232 fastis
1537 3171 1660 3248 Capito-

331 3284 402 3344 linis
430 3282 598 3359 appellatur
618 3278 653 3340 C.
681 3277 786 3338 lunius
809 3274 844 3336 C.
872 3276 893 3334 7.
915 3275 956 3334 M.
983 3294 1012 3331 n.
1036 3271 1171 3344 Silanus3
1200 3282 1232 3331 at
1258 3293 1326 3333 eum
1351 3273 1442 3333 huius
1468 3273 1564 3333 filium
1590 3291 1660 3334 esse

327 3401 420 3444 nemo
441 3383 555 3443 scribit.

416 3485 447 3543 4.
492 3484 523 3543 Ο.
545 3483 646 3541 Iunius
667 3480 698 3540 C.
714 3483 741 3556 s.
765 3479 809 3536 M.
831 3497 860 3536 ιι.
880 3476 1000 3536 Silanus
1022 3493 1078 3534 cca.
1100 3495 1128 3534 α.
1144 3493 1172 3532 ιι.
1189 3495 1213 3534 c.
1229 3475 1288 3533 763
1303 3501 1339 3525 =
1356 3475 1436 3551 1012.
1452 3475 1531 3547 Otr„
1552 3476 1660 3535 damen

333 3584 491 3645 Martialis.
527 3583 649 3641 Patrem
669 3597 818 3656 avumque
838 3578 910 3636 fasti
924 3576 1086 3653 Capitolini
1107 3576 1303 3653 prodiderunt
1325 3576 1468 3652 illumque
1486 3576 1661 3636 confirmant

333 3682 413 3745 tituli
433 3686 537 3742 Iunios
559 3681 592 3740 C.
615 3681 755 3753 Silonis.
782 3679 941 3754 Torquatos
962 3677 1086 3752 virginis
1102 3676 1233 3736 Vestalis
1256 3675 1364 3751 (Orell.
1381 3675 1451 3735 696.
1468 3675 1562 3748 22383
1585 3677 1661 3736 Bor·

334 3787 420 3862 ghesi
445 3803 513 3859 opp.
538 3784 566 3851 3,
588 3779 715 3854 raseq.;
742 3777 867 3837 Henzen
888 3795 956 3835 ann.
979 3778 1048 3835 inst.
1078 3777 1157 3836 1855
1179 3797 1209 3853 p.
1225 3776 1272 3852 5);
1299 3795 1365 3834 eam
1393 3779 1472 3836 eninr
1498 3778 1587 3836 huius
1614 3795 1660 3838 so·

333 3903 432 3944 rorem
459 3883 530 3940 dicit
551 3881 677 3939 Tacitus
703 3876 787 3952 (ann.
809 3880 837 3950 3,
860 3876 923 3952 69).
965 3877 1207 3955 Repetuudarum
1234 3895 1274 3935 ex
1299 3878 1375 3936 Asia
1399 3877 1557 3938 damnatus
1583 3898 1610 3937 a.
1630 3899 1660 3957 p.

336 3983 408 4044 Chr.
424 3981 463 4040 29
485 3983 517 4040 in
538 3980 662 4038 exilium
683 3979 757 4038 abiit
778 3977 918 4053 (Tacitus
939 3977 959 4038 l.
975 3978 1027 4054 a).

420 4083 449 4141 5.
491 4082 535 4139 Μ.
563 4081 665 4138 Iunius
690 4078 722 4137 C.
742 4081 770 4153 s.
794 4078 916 4138 Silanus
943 4097 1000 4137 cos.
1027 4099 1055 4137 a.
1075 4098 1103 4138 ιι.
1124 4097 1147 4136 c.
1164 4079 1223 4138 766
1243 4103 1280 4128 =
1303 4081 1343 4138 15
1358 4098 1390 4155 p.
1410 4077 1479 4137 Chr.
1523 4078 1600 4138 Dixi
1624 4080 1661 4140 de

335 4185 392 4242 hoc
418 4182 497 4259 apud
517 4181 691 4239 Henzenum
716 4179 749 4238 in
773 4179 918 4238 relatione
945 4178 983 4238 de
1007 4181 1083 4238 actis
1105 4179 1263 4237 Arvalium
1289 4197 1319 4254 p.
1337 4181 1372 4238 ll
1401 4180 1502 4255 ibique
1526 4198 1604 4256 quae
1624 4181 1661 4239 de

335 4283 453 4342 duobus
478 4281 519 4340 Μ.
543 4278 657 4340 Silonis
681 4280 854 4338 consulibus
882 4299 908 4338 a
928 4297 956 4355 p.
973 4278 1045 4340 Chr.
1068 4279 1106 4337 15
1125 4288 1155 4338 et
1177 4280 1213 4338 19
1241 4279 1353 4338 tradita
1378 4280 1548 4356 accepimns
1574 4291 1662 4342 autea

335 4385 414 4444 male
441 4381 616 4458 perturbata
642 4379 788 4439 ordinavi.
838 4377 923 4440 Patri
952 4399 1062 4440 nomen
1090 4379 1185 4438 fuisse
1213 4379 1273 4439 Cei
1301 4381 1430 4456 primum
1458 4381 1663 4456 patefecerunt

335 4490 403 4543 acta
421 4483 578 4542 Arvalium
600 4501 627 4540 a.
643 4481 683 4540 38
704 4480 787 4556 (nam
809 4480 899 4538 huius
922 4482 993 4538 anni
1014 4497 1090 4550 esse,
1111 4498 1170 4539 non
1192 4482 1345 4556 sequentis
1366 4481 1426 4540 ianr
1448 4481 1591 4558 constat),
1612 4482 1663 4542 ubi

335 4585 386 4662 agi
407 4583 444 4641 de
465 4583 523 4642 hoc
543 4590 655 4641 certum
678 4590 740 4654 est,
763 4599 828 4639 oum
851 4597 1054 4639 successorem
1076 4580 1117 4639 ibi
1140 4581 1282 4657 accipiat,
1304 4601 1341 4639 eo
1363 4589 1462 4640 autern
1485 4601 1563 4641 anno
1584 4583 1663 4642 hunc

334 4684 486 4744 interiisse
508 4691 635 4742 constet.
670 4681 837 4756 Aequalem
857 4680 953 4739 fuisse
969 4679 1140 4740 Germanici
1162 4682 1225 4739 nati
1247 4701 1274 4739 a.
1291 4701 1320 4740 ιι.
1335 4700 1360 4738 c.
1377 4682 1436 4741 739
1458 4681 1528 4741 inde
1549 4683 1663 4761 colligi·

335 4793 398 4857 tur,
427 4785 508 4860 quod
532 4784 628 4843 falsus
650 4781 770 4841 Drusus
794 4778 966 4840 Germanioi
987 4780 1009 4838 f.
1030 4781 1164 4838 fraudem
1185 4781 1342 4840 confessus
1365 4781 1472 4840 deinde
1493 4783 1534 4842 Μ.
1558 4781 1663 4844 Silano

336 4903 368 4944 ae
395 4885 526 4960 genitum
549 4901 616 4942 esse
638 4883 791 4942 contendit
811 4880 949 4955 (Tacitus
971 4898 1038 4938 ann.
1063 4881 1175 4957 5‚10).
1220 4880 1338 4941 Consul
1358 4882 1449 4940 fuerit
1470 4900 1594 4942 necesse
1614 4890 1664 4943 est

336 4983 377 5044 M.
401 4981 521 5043 Silanus
545 4983 688 5042 suffectus
710 5000 737 5039 a.
753 5001 783 5058 p.
798 4979 870 5041 Chr.
889 4981 926 5040 15
949 4980 978 5055 (l
998 5001 1027 5058 p.
1044 4982 1104 5041 475
1127 4982 1164 5040 ci.
1187 5001 1217 5040 n.
1234 4981 1303 5040 tot.
1321 4982 1410 5056 763);
1433 5002 1502 5041 nam
1524 4984 1565 5043 M.
1584 4982 1663 5045 Sila·

335 5101 393 5143 nus
415 5081 457 5141 M.
478 5081 499 5140 1.
521 5100 583 5141 cos.
603 5081 670 5141 ord.
691 5101 718 5140 s.
733 5100 763 5156 p.
779 5079 850 5141 Chr.
870 5084 905 5142 l9
932 5083 992 5140 iarn
1014 5082 1181 5142 excluditur
1203 5083 1322 5159 cognito
1343 5084 1537 5159 praenomine
1558 5083 1664 5160 putris.

335 5183 463 5242 Multum
479 5183 574 5241 voluit
588 5182 644 5240 sub
655 5181 778 5241 Tiberio
792 5197 848 5242 nec
861 5201 930 5241 rara
941 5183 1007 5242 eius
1021 5183 1051 5240 in
1066 5184 1142 5244 actis
1156 5185 1223 5244 cius
1238 5183 1382 5263 temporis
1393 5185 1506 5245 mentio
1517 5192 1564 5245 est
1575 5183 1664 5261 (Tac.
