3712 5838
349 561 422 631 248
872 567 1151 622 nimauuunonn

348 752 491 828 gistratus
512 748 667 805 Romanus
693 745 751 803 fuit
771 744 823 820 qui
845 743 967 818 proprio
990 761 1024 800 ao
1045 741 1179 818 legitimo
1201 741 1320 800 nomine
1342 743 1484 801 iuridicus
1505 751 1674 801 vocaretur.

350 849 451 924 Quare
477 865 563 907 nemo
585 845 717 920 intellegi
739 851 853 920 potest,
881 843 938 902 nisi
961 852 1014 900 aut
1034 842 1197 919 proconsul
1217 842 1364 912 Achaiae,
1392 852 1445 900 aut
1468 843 1587 919 legatus
1609 861 1674 901 cor-

348 959 455 1011 rector.
491 947 561 1006 Non
582 966 654 1004 vero
680 945 777 1017 illurn,
800 944 852 1002 sed
873 946 952 1002 hunc
972 943 1068 1002 fuisse
1089 962 1155 1002 cum
1170 942 1330 1018 Borghesii
1349 942 1445 1018 ipsius
1467 953 1675 1019 argumentum

348 1049 504 1128 probabile
529 1047 641 1118 reddit,
668 1046 749 1122 quod
774 1045 854 1103 illius
881 1043 1047 1103 iurisdictio
1068 1044 1107 1102 ad
1129 1041 1267 1120 Spartam
1293 1043 1441 1101 civitatem
1463 1044 1588 1103 liberam
1615 1060 1675 1102 non

350 1149 537 1229 pertinuerit,
570 1155 632 1206 tum
666 1147 764 1204 omnis
796 1145 943 1204 dubitatio
976 1144 1138 1220 expellitur
1165 1144 1254 1203 titulo
1279 1144 1390 1217 Attico,
1411 1163 1472 1220 quo
1494 1135 1675 1227 πρεσβευτὴς

349 1244 515 1314 §eduardo
542 1238 590 1304 οιοά
617 1237 841 1329 ἀντιστράτηγος
866 1252 999 1303 vocatur.
1042 1244 1122 1303 Nam
1144 1245 1215 1320 quin
1236 1254 1362 1320 uterque
1388 1244 1537 1304 Aemilius
1563 1239 1674 1302 iuncus
1764 1316 1767 1324 1

349 1352 427 1411 idem
454 1351 577 1409 sitiam
604 1367 690 1406 nemo
717 1346 871 1405 dubitabit.
916 1343 976 1418 Qui
1002 1364 1095 1420 quum
1123 1344 1270 1403 Hadriani
1300 1353 1397 1403 aetate
1421 1345 1526 1416 fuerit,
1553 1345 1613 1403 iam
1641 1344 1674 1402 id

349 1471 469 1528 quoque
491 1449 636 1526 explicari
658 1457 770 1524 potest,
799 1465 852 1504 our
873 1445 977 1504 titulus
999 1455 1124 1522 uterque
1150 1446 1182 1504 in
1202 1464 1323 1504 munere
1345 1446 1468 1504 Aemilii
1488 1445 1574 1504 lunci
1597 1445 1675 1504 iudi·

349 1552 445 1612 cando
467 1549 636 1608 nominibus
657 1557 719 1606 tam
741 1547 802 1605 late
823 1548 1003 1623 patentibus,
1031 1547 1133 1622 qualia
1153 1553 1223 1604 sunt
1243 1538 1424 1629 τρετΒεοτὴς
1446 1537 1606 1610 Σεβαστοῦ
1625 1536 1674 1603 nai

349 1641 573 1734 ἀντιστράτηγος
594 1657 624 1706 et
644 1637 819 1716 δικαιοδότης
833 1648 936 1722 (atque
950 1667 988 1706 ne
1003 1647 1105 1705 eodem
1121 1647 1240 1722 quidem
1257 1647 1375 1705 nomine
1390 1646 1528 1723 uterque)
1543 1654 1674 1705 utantur.

350 1752 471 1816 Scilicet
499 1749 654 1826 proprium
685 1756 715 1805 et
741 1747 874 1806 solemne
906 1748 971 1807 eius
1004 1748 1134 1806 muneris
1161 1747 1339 1806 vocabulum
1370 1757 1433 1806 tum
1459 1749 1589 1806 nondum
1615 1747 1673 1806 fuit

244 1925 246 1930 Ι
349 1854 479 1924 omnino,
508 1850 561 1908 sed
582 1850 649 1925 ipso
671 1867 793 1906 munere
816 1848 910 1906 multo
930 1850 1078 1908 recentius
1101 1857 1156 1907 est.
1201 1847 1303 1922 Quum
1324 1849 1403 1907 enim
1424 1849 1592 1920 Maximus,
1621 1850 1675 1924 qui

349 1954 491 2022 Traiano,
513 1958 543 2008 et
556 1949 747 2008 Pactumeius
763 1947 912 2020 Clemens,
934 1949 987 2025 qui
1001 1948 1155 2007 Hadriano
1170 1948 1347 2024 imperatore
1369 1968 1405 2007 eo
1420 1968 1542 2008 munere
1555 1951 1674 2008 functus

350 2063 411 2128 est,
439 2052 505 2113 solo
533 2051 699 2129 legatorum
729 2049 849 2108 nomine
874 2049 968 2108 multo
996 2049 1087 2107 latius
1114 2058 1235 2126 patente
1262 2049 1475 2126 significentur,
1501 2051 1541 2122 ei,
1565 2050 1675 2126 quibus

348 2156 504 2235 proprium
530 2151 708 2210 vocabulum
738 2158 879 2209 corrector
904 2143 1132 2232 (ἐτανορθοιτιξς)
1162 2150 1347 2228 adiungitur,
1376 2151 1468 2208 multo
1494 2151 1675 2212 recentiores

350 2266 429 2317 sunt.
467 2252 551 2327 Quos
574 2253 652 2310 enim
672 2259 798 2322 noverat
819 2249 964 2308 eiusmodi
985 2249 1122 2308 homines
1137 2248 1331 2326 Borghesius,
1352 2251 1509 2326 Egnatium
1523 2252 1676 2312 Proculam

350 2354 400 2432 (C.
428 2355 453 2413 1.
485 2353 579 2425 1341,
606 2349 747 2428 Spartae)
774 2361 804 2410 et
831 2350 870 2408 L.
897 2350 1056 2426 Egnatium
1087 2349 1227 2409 Victorem
1253 2349 1420 2409 Lollianam
1449 2349 1500 2427 (O.
1528 2352 1553 2410 I.
1584 2351 1674 2425 1624,

349 2453 514 2529 Plataeis),
549 2471 589 2510 ex
623 2452 660 2510 iis
689 2451 775 2510 illum
803 2449 983 2523 Commodo,
1021 2451 1100 2508 buno
1126 2448 1271 2525 Septimio
1299 2450 1410 2510 Severo
1439 2462 1493 2511 aut
1518 2451 1675 2512 Caracalla

349 2559 529 2634 imperatore
555 2571 592 2611 eo
617 2570 739 2610 munere
763 2551 897 2609 iunctum
923 2551 1071 2627 probavit.
1113 2550 1219 2627 Neque
1244 2551 1422 2628 antiquioris
1444 2555 1587 2629 temporis
1608 2573 1675 2615 esse

349 2657 488 2716 ridentur
507 2654 567 2710 duo
589 2651 649 2709 alia
671 2650 809 2726 exempla
830 2647 1037 2733 ἐταιιορθοιτιάι
1058 2651 1231 2728 provinciae
1245 2651 1388 2724 Achaiae,
1411 2672 1488 2729 quae
1509 2657 1674 2714 recentiore

350 2769 484 2832 temporo
517 2754 547 2810 in
578 2752 676 2809 lucem
707 2750 895 2825 prodierunt,
932 2750 975 2807 Ti.
1009 2749 1127 2808 Claudii
1162 2750 1344 2828 Callippiaai
1367 2753 1467 2811 Italici
1495 2754 1676 2830 (Bullettino

354 2855 433 2916 1862
456 2873 485 2930 p.
503 2851 575 2926 119)
597 2857 628 2908 et
651 2847 705 2910 Cn.
730 2849 849 2908 Claudii
870 2848 1035 2925 Leonticil)
1057 2845 1142 2927 (Ἐφ.
1165 2846 1237 2934 ἀργ,
1259 2852 1365 2928 3797).
1401 2852 1481 2912 Nam
1503 2874 1594 2932 quum
1615 2859 1676 2916 iam

352 2952 499 3017 eiusmodi
530 2951 654 3008 nomina
684 2950 716 3006 in
741 2949 911 3038 hominibus
940 2949 978 3008 ad
1006 2967 1138 3009 summos
1165 2952 1295 3011 honores
1327 2954 1438 3013 evectis
1464 2959 1559 3034 magis
1587 2961 1676 3018 tertio

352 3075 441 3134 quam
468 3051 553 3111 alteri
574 3068 604 3126 p.
627 3047 697 3108 chr.
726 3049 846 3108 saeculo
875 3051 1034 3108 convenire
1062 3051 1231 3125 rideantur,
1259 3053 1336 3112 aliae
1360 3055 1493 3115 rationes
1519 3059 1675 3120 accedunt:

354 3155 562 3232 Callippianus
583 3149 707 3208 Italicus
730 3149 807 3208 enim
829 3150 859 3207 in
881 3151 968 3209 titulo
991 3151 1096 3210 dicitur
1117 3145 1299 3236 πρεσβευτὴς
1318 3156 1365 3210 rai
1370 3178 1384 3211 ν
1405 3149 1587 3220 Σεβαστοῦ
1592 3184 1606 3215 ν
1627 3151 1675 3217 ucri

353 3247 585 3339 ἀντιστράτηγος.
630 3249 726 3324 Quem
751 3249 899 3327 pluralem
928 3269 1107 3328 quamquam
1133 3255 1223 3312 etiam
1244 3253 1281 3312 de
1303 3257 1506 3332 compluribus
1529 3259 1675 3338 Augustis

353 3359 405 3436 qui
427 3376 459 3415 se
480 3353 608 3414 invicem
622 3353 795 3429 exceperint
815 3350 951 3426 usurpari
966 3351 1167 3411 demonstravi
1189 3354 1219 3430 (I
1233 3375 1262 3431 p.
1281 3355 1364 3430 110),
1380 3367 1478 3415 tamen
1492 3358 1542 3417 hic
1555 3370 1678 3436 propter

352 3461 450 3536 ipsam
472 3454 604 3514 muneris
626 3452 856 3511 extraordinarii
880 3459 1016 3509 naturam
1043 3452 1073 3510 id
1100 3454 1164 3512 veri
1190 3454 1287 3514 simile
1315 3474 1375 3515 non
1401 3468 1461 3531 est3
1491 3478 1551 3518 non
1577 3471 1677 3537 potest

324 3593 328 3602 «
353 3561 445 3638 igitur
464 3563 533 3616 ante
553 3554 594 3611 M.
610 3552 768 3612 Aurelium
789 3563 820 3612 et
839 3553 875 3612 L.
890 3552 1004 3612 Verum
1025 3552 1131 3613 titulus
1154 3557 1337 3632 compositus
1359 3574 1435 3630 esse,
1456 3559 1499 3617 ita
1519 3568 1553 3619 ut
1566 3561 1678 3620 Pactu·

353 3660 432 3719 meio
454 3655 606 3717 Clemente
635 3661 665 3712 et
684 3653 816 3712 Aemilio
836 3654 942 3726 Iunco,
969 3654 1021 3730 qui
1047 3654 1166 3712 nomine
1187 3651 1387 3738 ἐταιορὸοιτῆς
1414 3658 1580 3738 (corrector)
1603 3681 1677 3721 nou-

354 3761 425 3818 dum
445 3764 578 3828 utuntur,
606 3756 709 3832 utique
730 3755 824 3813 multo
845 3755 991 3812 recentior
1019 3755 1059 3812 sit
1081 3752 1288 3832 Callippianus
1314 3757 1452 3830 Italicus3
1477 3761 1550 3818 mibi
1578 3773 1676 3823 autem

353 3860 418 3919 veri
440 3857 565 3917 similius
588 3865 644 3928 est,
671 3846 847 3918 Σιβοοτοάς
867 3854 915 3912 bic
938 3852 1114 3930 Septimium
1136 3853 1277 3916 Severum
1299 3867 1330 3916 et
1351 3857 1540 3919 Caracallum
1561 3863 1676 3924 intelle·

355 3959 470 4037 gendos
492 3975 570 4016 esse.
613 3954 734 4015 Certius
761 3954 850 4013 etiam
877 3953 1019 4014 imbrium
1047 3957 1083 4014 de
1105 3955 1160 4016 Cn.
1183 3955 1304 4016 Claudii
1323 3958 1459 4020 Leontici
1485 3970 1582 4022 aetate
1606 3963 1679 4024 ferri

354 4066 461 4136 potest.
510 4055 605 4116 Cuius
632 4054 736 4113 titulus
763 4073 830 4112 cum
856 4055 899 4114 ita
925 4073 958 4114 se
983 4056 1105 4115 habeat:
1133 4051 1181 4114 τάν
1201 4051 1403 4141 λαμπράτατον
1421 4056 1427 4141 Ι
1445 4056 1578 4120 increuit
1599 4055 1646 4122 ucri
1670 4067 1676 4142 Ι

354 4150 552 4238 ἓποτνορθωτοΙν
571 4148 869 4230 ΙΓν.1(λ.Λεοντικο“ν
888 4151 892 4235 Ι
911 4156 975 4233 Πο.]
987 4147 1120 4238 Ἕρὲννιος
1132 4158 1328 4236 ΠτολΙε]μαῖος
1348 4155 1394 4216 riv
1415 4157 1538 4239 ἓαυτΙοῦ]
1559 4154 1607 4220 καὶ
1629 4167 1679 4235 τῆς

354 4252 464 4316 τάλεως
483 4252 487 4331 Ι
512 4244 672 4335 εὐεργέτην,
698 4257 834 4330 quamvis
861 4257 965 4315 titulus
985 4258 1116 4332 Megaris
1137 4258 1299 4319 collocatus
1322 4268 1377 4332 est,
1403 4261 1595 4322 dubitandum
1617 4286 1677 4325 non

354 4367 414 4430 est,
440 4355 514 4433 quin
534 4355 583 4413 hio
604 4354 773 4415 Herennius
793 4356 986 4416 Ptolemaeus
1011 4357 1089 4416 idem
1116 4358 1155 4416 sit
1180 4378 1245 4418 cum
1268 4359 1303 4418 P.
1326 4360 1479 4421 Herennio
1500 4363 1675 4426 Ptolemaeo

354 4457 531 4519 Atheniensi
560 4455 682 4515 bomine
714 4474 846 4516 summae
880 4459 911 4516 iu
941 4478 973 4516 re
1003 4458 1121 4533 publica
1151 4459 1319 4536 dignitatis,
1351 4471 1436 4540 patre
1467 4464 1504 4523 P.
1532 4464 1676 4526 Herennii

352 4543 491 4636 nemppe
516 4558 669 4634 scriptoris
695 4557 873 4617 nouinsumi
900 4555 950 4633 (o.
972 4559 997 4616 1.
1021 4556 1075 4618 or.
1104 4560 1172 4619 380.
1200 4560 1289 4619 noas.
1313 4561 1401 4622 nem.
1430 4564 1494 4639 aa).
1538 4564 1675 4640 Quodsi

351 4659 396 4717 ita
417 4668 476 4729 est,
503 4659 568 4717 fieri
587 4677 648 4718 non
673 4665 785 4736 potest,
814 4666 846 4717 ut
867 4658 973 4718 titulus
997 4659 1084 4718 tertio
1105 4661 1225 4720 saeculo
1247 4663 1398 4738 antiquior
1419 4664 1468 4723 sit.
1511 4665 1675 4744 Hucusque

353 4759 390 4818 de
412 4777 447 4818 eo
470 4758 535 4818 solo
557 4777 688 4835 munere,
714 4758 845 4836 quadiu
868 4757 997 4820 Graecia
1018 4762 1113 4839 gessit
1134 4762 1281 4822 Aemilius
1302 4763 1422 4837 Iuncus,
1445 4765 1517 4825 dixi.
1561 4766 1621 4828 Sed
1644 4779 1676 4826 ut

429 5061 454 5124 ³)
486 5064 636 5156 crastinus
665 5064 768 5130 quidam
795 5067 860 5132 regn
886 5058 1220 5134 τΝκΑΛεοΝτικοΝ,
1247 5070 1291 5120 sec
1320 5071 1347 5120 in
1376 5071 1608 5124 vetranionem
1637 5083 1676 5124 ιιι

352 5162 705 5222 τΝκΛΛΛεοΝτικοΝ.
