3712 5838
329 541 402 612 240
708 554 851 638 ronnas
877 552 1061 606 nausson.
1088 549 1291 604 aavanrvn.

410 729 491 790 Nam
507 763 545 772 -
561 731 594 787 ut
614 747 692 786 nunc
714 726 834 786 taudem
854 726 972 786 redeam
991 727 1028 784 ad
1042 732 1178 783 naturam
1192 723 1281 781 huius
1296 723 1374 783 sacri
1388 721 1596 797 explicandam
1613 753 1651 764 —

329 849 416 890 secra
430 829 567 889 Volcano
588 829 619 888 in
640 828 770 900 comitio,
793 825 919 901 Quirino
941 828 973 885 in
993 825 1069 885 colle
1091 843 1149 883 uno
1170 825 1219 883 die
1239 825 1321 883 iacta
1342 841 1529 899 nequaquam
1551 823 1654 884 viden·

328 938 378 990 tur
408 930 490 988 nulle
520 928 676 1006 religionis
707 929 915 988 communione
947 945 1015 986 esse
1046 925 1211 985 coniuncta
1266 923 1436 984 memineris
1468 925 1501 982 in
1532 925 1653 984 comitio

327 1031 438 1090 factum
463 1031 563 1104 putari
588 1029 694 1089 l'oedus
720 1031 796 1090 inter
821 1028 981 1088 Romulum
1007 1036 1038 1087 et
1059 1027 1161 1086 Titum
1183 1025 1314 1096 Tatium,
1341 1042 1401 1100 quo
1429 1024 1489 1084 icto
1514 1033 1586 1084 nata
1614 1027 1655 1085 sit

328 1149 376 1190 res
401 1129 523 1208 publica
549 1130 652 1207 populi
679 1130 807 1189 Romani
835 1128 1012 1204 Quiritium3
1044 1130 1075 1187 in
1101 1128 1243 1203 contigua
1268 1125 1397 1185 Volcani
1423 1143 1494 1184 area
1520 1126 1652 1186 eiusdem

328 1231 431 1308 populi
454 1241 589 1290 senatum
609 1232 737 1307 primum
759 1233 867 1303 coisse,
895 1232 1051 1290 dedicasse
1073 1229 1234 1287 Romulum
1255 1228 1349 1286 lotum
1371 1245 1554 1304 aequaevam
1576 1228 1653 1300 urbi,

330 1341 363 1390 ut
383 1333 529 1408 quidquid
551 1334 690 1392 statueris
713 1333 750 1392 de
764 1331 892 1391 Volcani
913 1331 1044 1389 numinis
1066 1331 1234 1406 origine-
1255 1347 1352 1406 neque
1373 1346 1444 1386 vero
1461 1329 1563 1387 'solem
1584 1327 1654 1389 eum

328 1433 532 1493 incendiorum
560 1433 756 1492 arcendorum
782 1449 884 1492 curem
911 1431 1080 1509 suscepisse
1107 1438 1221 1490 certum
1243 1437 1290 1489 est
1312 1462 1350 1474 ·—
1375 1431 1467 1488 ferias
1496 1433 1560 1490 eius
1586 1451 1654 1509 per·

329 1533 454 1592 tinuisse
480 1535 518 1593 ad
544 1535 721 1593 celebranda
741 1533 939 1593 Romulianae
966 1534 1009 1590 rei
1035 1532 1172 1608 publicae
1198 1533 1284 1590 initia
1312 1532 1387 1590 satis
1413 1533 1445 1590 in
1472 1542 1576 1607 aperto
1603 1533 1652 1592 sit.

330 1634 414 1710 atqui
434 1637 606 1711 Augustum
628 1635 752 1694 alterius
774 1634 896 1692 Romuli
917 1650 1077 1710 personam
1103 1633 1238 1692 induisse
1262 1642 1365 1691 uotum
1387 1641 1434 1692 est
1460 1631 1510 1707 (es.
1532 1633 1653 1693 Rubino

336 1734 584 1811 Uetersuchunyea
601 1738 627 1808 1,
646 1736 733 1812 104):
754 1754 842 1812 quem
864 1754 930 1794 eum
953 1753 1031 1792 anno
1047 1734 1107 1794 738
1130 1734 1191 1794 divi
1207 1734 1329 1792 Romuli
1350 1735 1453 1793 aedem
1475 1734 1654 1806 restitueret,

329 1835 401 1911 quid
426 1836 523 1912 magis
544 1843 776 1895 consentaneum
799 1853 998 1917 quamxsacre
1019 1835 1083 1894 fieri
1108 1835 1146 1892 ad
1168 1853 1233 1894 eam
1254 1834 1381 1894 iussisse
1403 1854 1438 1894 eo
1460 1837 1519 1906 die,
1540 1853 1600 1910 quo
1621 1837 1654 1895 in

329 1935 451 1996 comitio
478 1938 584 1996 fierent
604 1935 741 1996 Volcano
762 1937 901 1997 conditae
922 1936 1006 1994 urbis
1028 1936 1117 1994 testi?
1153 1943 1183 1994 et
1203 1944 1320 1995 constat
1340 1935 1498 1995 Arvalium
1520 1937 1654 1996 hemero-

329 2036 442 2112 logium
468 2045 539 2112 post
560 2057 586 2096 a.
611 2037 670 2096 738
693 2037 859 2097 confectum
882 2055 959 2098 esse.
1002 2046 1156 2116 praeterea
1182 2037 1284 2096 nescio
1317 2057 1354 2096 en
1374 2037 1486 2097 nullius
1514 2039 1654 2098 momenti

330 2137 371 2194 eit
391 2137 430 2196 ad
451 2138 527 2197 hanc
549 2137 668 2212 Quirini
690 2146 719 2197 et
737 2138 866 2198 Volcani
887 2139 1124 2198 coniunctionem
1146 2139 1331 2214 probandam
1353 2139 1434 2215 quod
1455 2136 1513 2198 Cn.
1528 2139 1653 2198 Flavius

330 2255 422 2314 supra
443 2237 594 2297 comitium
615 2240 645 2320 in
669 2237 863 2300 Graecostasi
889 2240 952 2299 eive
979 2241 1010 2298 in
1032 2240 1157 2298 Volcani
1179 2258 1249 2298 area
1271 2237 1458 2300 Concordiae
1479 2241 1582 2300 aedem
1604 2241 1654 2300 de·

330 2338 483 2411 dicaverit,
505 2339 643 2416 quodque
665 2351 734 2399 ante
757 2339 877 2414 Quirini
897 2341 1038 2418 templum
1061 2342 1151 2417 myrti
1172 2359 1276 2398 sacrae
1298 2341 1392 2399 altera
1411 2343 1538 2418 patricie
1559 2343 1655 2402 altera

331 2439 450 2516 plebeia
470 2441 619 2500 steterint:
651 2445 725 2501 inter
746 2445 946 2518 antiquissima
966 2461 1087 2518 auraque
1107 2442 1225 2500 delubra
1246 2441 1365 2500 ludetur
1388 2440 1513 2513 Quirini,
1541 2443 1593 2502 loc
1614 2455 1655 2503 eet

330 2543 422 2615 apcius
436 2540 552 2599 Romuli
573 2559 598 2600 e.
614 2560 643 2617 q.
659 2559 683 2601 s.
705 2541 799 2617 (Plin.
818 2543 966 2618 15,120).
998 2543 1107 2619 quodsi
1128 2543 1261 2619 Augusti
1281 2543 1367 2601 iussu
1389 2560 1507 2601 sacrum
1522 2543 1596 2601 illud
1609 2545 1654 2602 in·

331 2641 466 2700 stitutum
481 2649 535 2712 eet,
549 2641 618 2700 inde
632 2660 692 2700 non
707 2643 852 2720 sequitur,
872 2653 905 2701 ut
917 2643 1057 2702 relectam
1071 2645 1148 2703 hanc
1163 2644 1266 2702 aedem
1281 2643 1384 2703 eodem
1399 2645 1447 2703 dic
1461 2644 1653 2704 dedicaverit.

331 2743 375 2800 sic
402 2759 491 2816 posse
519 2741 667 2817 explicari
693 2742 751 2801 tria
777 2742 895 2818 Quirini
922 2761 1008 2802 sacra
1034 2745 1065 2801 in
1093 2745 1179 2804 testie
1208 2745 1349 2804 adnotata
1375 2763 1462 2806 nemo
1490 2748 1654 2823 negaverit,

330 2839 437 2898 debere
463 2842 585 2898 minime
611 2843 768 2901 contendo.
817 2852 849 2903 at
874 2844 1021 2904 contendo
1049 2863 1087 2901 ne
1113 2845 1161 2904 his
1188 2846 1308 2921 quidem
1335 2848 1429 2905 sacris
1457 2846 1655 2906 demonstrari

329 2950 450 3016 praeter
468 2940 543 3026 illud
565 2942 709 3001 sacellum
729 2944 832 3019 plures
854 2944 950 3004 fuisse
972 2943 1090 3018 Quirini
1110 2946 1141 3004 in
1163 2946 1239 3005 colle
1261 2947 1360 3018 aedes,
1391 2946 1494 3025 plures
1522 2948 1654 3025 singula-

330 3059 396 3098 rum
418 3040 536 3100 aedium
557 3044 680 3118 natales,
708 3045 798 3122 idque
824 3063 913 3124 spero
940 3048 996 3106 hac
1020 3066 1087 3134 mee
1109 3047 1309 3125 disputatione
1330 3048 1564 3109 dubitationibus
1582 3061 1653 3107 ‘esse

330 3148 509 3218 exemptum.
