3736 5822
611 587 818 641 EPHEMERIS
844 589 1102 641 EPIGRAPHICA.

190 764 280 820 terea
302 754 384 820 haec
407 754 591 841 ephemeris
615 756 678 822 etsi
702 766 875 841 eapropter
896 757 1049 824 instituta
1068 766 1129 840 est,
1152 767 1189 824 ut
1205 755 1336 845 Corpus
1355 761 1519 847 suppleat,

191 867 305 935 eadem
328 869 418 934 aliud
441 891 572 955 quoque
596 871 753 956 sequitur.
793 869 902 936 Multa
926 894 1011 955 quae
1034 872 1200 957 pertinent
1224 872 1266 937 ad
1287 874 1519 962 inscriptiones

190 982 329 1049 Latinas
347 991 436 1049 recte
452 983 737 1071 recognoscendas
754 993 787 1050 et
802 985 899 1070 plene
917 985 1129 1070 explicandas
1147 1009 1219 1051 curn
1237 1009 1303 1052 non
1327 989 1406 1055 satis
1431 1012 1519 1055 eom-

190 1096 287 1162 mode
310 1097 498 1164 inserantur
520 1097 784 1184 ephemeridibus
801 1099 852 1181 iis,
875 1121 960 1184 quae
976 1099 1075 1166 rebus
1089 1100 1272 1187 litterisque
1289 1103 1432 1189 antiquis
1447 1105 1520 1170 uni·

190 1211 294 1277 versis
313 1211 514 1278 illustrandis
538 1212 722 1279 destinatae
745 1221 822 1279 sunt
847 1215 938 1299 (narn
962 1223 998 1278 ut
1020 1213 1054 1278 in
1079 1213 1149 1280 aliis
1173 1215 1310 1299 artibus,
1333 1217 1379 1283 ita
1401 1219 1436 1283 in
1456 1218 1519 1284 hac

174 1335 306 1398 ,nostra
327 1348 458 1413 quoque
480 1327 636 1412 pleraque
660 1336 737 1393 sunt
760 1327 886 1393 minuta
909 1327 1023 1394 abdita
1046 1352 1066 1393 a
1089 1330 1254 1396 communi
1277 1329 1519 1419 philologorum

192 1461 314 1505 corona
335 1440 452 1525 procul
467 1440 621 1508 habenda
636 1441 816 1528 eademque
830 1451 940 1508 tamen
956 1442 1053 1510 uobis
1068 1444 1162 1508 utilia
1177 1446 1455 1533 necessariaque),
1481 1470 1520 1513 ea

191 1553 225 1619 in
241 1553 448 1640 ephemeride
465 1556 680 1644 epigraphica
693 1556 802 1622 locum
825 1557 993 1622 invenient
1016 1565 1049 1622 et
1072 1567 1198 1623 certum
1222 1568 1255 1624 et
1276 1559 1462 1626 modestum
1486 1569 1519 1626 et

191 1691 301 1750 suum;
325 1692 463 1754 eamque
485 1671 532 1736 ita
546 1671 749 1737 destinamus
765 1671 1002 1758 supplementis
1022 1671 1098 1754 illis,
1121 1681 1158 1736 ut
1173 1672 1231 1739 ubi
1248 1674 1389 1760 spatium
1406 1697 1518 1761 super-

191 1790 260 1864 est,
291 1784 500 1870 quaestiones
532 1784 765 1872 epigraphicae
794 1786 828 1850 iu
853 1809 891 1851 ea
914 1793 1165 1871 pertractentur.
1207 1784 1319 1868 Quare
1343 1789 1436 1853 utin
1460 1811 1519 1854 no·

190 1919 249 1962 vas
272 1897 370 1964 aedes
393 1899 518 1984 primus
541 1900 669 1966 locator
691 1901 849 1986 recipitur
872 1900 1011 1985 quilibet
1033 1922 1073 1964 ex
1092 1899 1312 1986 multisneque
1336 1902 1383 1967 ita
1406 1925 1518 1968 severo

191 2033 264 2076 cum
289 2035 327 2078 eo
350 2013 496 2079 rationes
519 2022 688 2100 putantur,
711 2015 758 2078 ita
781 2015 838 2100 qui
861 2014 944 2079 haec
965 2013 1082 2100 legunt
1104 2036 1170 2078 non
1192 2022 1404 2080 contemnent
1420 2014 1519 2101 ephe·

189 2126 346 2191 meridem
372 2137 510 2214 propter
538 2129 768 2215 supplementa
798 2152 872 2193 rara
898 2126 1007 2192 adhuc
1038 2136 1071 2193 et
1100 2128 1197 2193 exilia
1219 2128 1398 2213 primorum
1422 2129 1518 2194 fasci·

190 2240 354 2324 culorum,
386 2243 727 2329 commentariolisque
755 2243 876 2308 uostris
906 2242 1036 2307 interim
1066 2241 1129 2308 sibi
1161 2242 1314 2308 satisfieri
1342 2243 1517 2328 patientur,

190 2377 273 2440 quos
308 2356 503 2422 confidimus
534 2356 711 2442 aliquando
741 2357 852 2422 locum
884 2338 1035 2422 cessuros
1066 2379 1139 2422 esse
1170 2356 1324 2422 auctariis
1359 2357 1519 2422 uberiori·

190 2469 269 2553 bus,
296 2471 435 2538 maxime
462 2471 520 2538 ubi
542 2471 703 2558 prodierit
725 2470 813 2558 quod
837 2471 902 2536 iam
926 2472 988 2538 suh
1010 2471 1101 2558 prelo
1131 2479 1181 2536 est
1205 2493 1324 2556 corpus
1348 2471 1518 2540 titulorum

189 2586 398 2652 urbanorum.

278 2700 446 2789 Rogamus
469 2702 597 2787 itaque,
626 2701 746 2786 quibus
775 2701 837 2765 hae
862 2699 991 2766 litterae
1016 2699 1108 2765 cordi
1131 2709 1224 2782 sunt,
1248 2708 1285 2764 ut
1309 2698 1395 2764 hanc
1419 2699 1518 2785 ephe·

189 2815 345 2881 meridem
367 2817 436 2883 suis
460 2816 564 2903 copiis
588 2815 743 2881 adiuvare
767 2815 869 2882 velint
890 2823 959 2880 tam
982 2814 1253 2900 inscriptionibus
1277 2835 1392 2880 recens
1408 2836 1518 2899 reper-

189 2931 232 2997 tis
255 2952 329 2996 cum
349 2930 532 3020 Academia
553 2929 759 2996 Berolinensi
781 2929 981 2995 Institutove
1004 2928 1154 2995 Romano
1179 2927 1383 2994 editorumve
1407 2928 1517 3012 aliquo

190 3045 468 3111 communicandis
493 3068 590 3131 quam
614 3045 918 3127 observationibus,
946 3067 1032 3130 quae
1057 3042 1098 3109 ad
1121 3053 1266 3109 nostram
1290 3065 1358 3108 rem
1381 3042 1517 3123 faciunt,

190 3160 449 3246 suppeditandis.
503 3157 599 3241 Quae
631 3159 803 3224 mittentur
833 3180 900 3223 non
934 3159 1058 3245 scripta
1086 3158 1201 3246 lingua
1231 3158 1371 3239 Latina,
1404 3166 1518 3222 nostra

190 3296 268 3340 cura
289 3274 409 3340 Latine
437 3281 624 3354 vertentur3
653 3296 729 3339 uam
759 3280 797 3337 ut
825 3273 859 3337 in
884 3273 957 3338 aliis
980 3273 1027 3337 ita
1051 3272 1084 3336 in
1109 3294 1148 3338 eo
1172 3294 1303 3358 quoque
1335 3270 1517 3356 ephemeris

189 3388 271 3454 haec
295 3387 426 3476 Corpus
450 3389 648 3470 imitabitur,
678 3386 769 3474 quod
790 3395 863 3451 tota
885 3386 1008 3452 Latina
1032 3385 1102 3449 erit.
1150 3386 1315 3450 Fasciculi
1337 3383 1518 3471 prodibunt

189 3503 327 3590 singulis
355 3504 449 3570 annis
478 3503 629 3590 quaterni
657 3502 852 3589 paginarum
882 3522 948 3563 non
972 3499 1079 3564 minus
1104 3506 1389 3585 septuagenarum.
1442 3497 1518 3565 Siu-

188 3619 275 3706 gulis
297 3618 518 3684 voluminibus
548 3617 674 3683 indices
698 3615 899 3694 adicientur3
931 3613 1029 3678 iidem
1052 3611 1161 3677 denuo
1187 3611 1326 3677 edentur
1349 3610 1515 3676 coniuncti

188 3741 265 3818 post
293 3732 424 3821 singula
451 3732 520 3798 sive
549 3731 772 3818 quinquennia
800 3729 869 3796 sive
900 3727 1077 3810 decennia,
1106 3728 1173 3792 fere
1204 3735 1241 3791 ut
1271 3725 1342 3792 lieri
1372 3725 1457 3792 solet
1483 3725 1516 3790 in

188 3846 336 3913 instituti
359 3847 442 3912 actis
465 3845 610 3932 reliquis.

276 3959 476 4049 Scripsimus
498 3983 610 4027 meuse
635 3957 777 4027 Octobri
801 3983 828 4025 a.
849 3960 945 4024 1871.

536 4190 662 4256 Romae
754 4186 855 4254 Gvru.
880 4187 1040 4252 Hsuzuu.

752 4303 831 4367 Ion.
856 4302 961 4366 Bura.
987 4320 1033 4365 uu
1058 4301 1175 4366 Rossr.

537 4419 684 4485 Berolini
750 4417 888 4482 Tuscu.
913 4415 1107 4480 Mouusmr.

538 4533 680 4620 Dorpati
752 4530 860 4598 Gvsr.
877 4531 1088 4599 Wrunnuus.
