3736 5822
358 505 379 576 t
384 503 406 575 8
731 559 734 564 a
933 513 1115 568 acumem

358 693 560 762 voluminum,
589 707 668 766 qaae
696 687 785 746 hodie
815 686 1002 746 conscribere
1031 687 1129 745 solent
1155 703 1272 744 amnem
1301 683 1430 761 lapidem
1459 693 1615 744 moventes
1636 687 1692 746 im·

356 795 467 871 perite,
496 791 594 850 libelli
615 791 723 848 breves
745 789 919 858 succedent3
948 787 1054 846 deinde
1076 795 1110 845 ut
1130 805 1184 863 per
1204 786 1316 862 gradm
1336 786 1528 862 perveniatur
1549 788 1588 846 ad
1608 787 1691 847 Lati·

357 915 413 955 nae
439 895 624 952 litteraturae
646 890 727 948 vices
753 889 915 948 seeundum
943 897 1057 948 aetates
1083 896 1113 947 et
1132 887 1270 963 regiones
1292 896 1431 946 accurate
1454 887 1638 947 definiendas
1660 898 1691 947 et

357 996 444 1072 quasi
474 993 601 1052 dixerim
623 990 785 1066 unicuiqae
806 989 1050 1048 soloecismorum
1072 996 1102 1046 et
1123 988 1374 1046 barbarismorum
1396 988 1498 1065 generi
1521 1007 1592 1049 sans
1614 991 1689 1048 tinea

357 1093 572 1172 adsignandos.
620 1091 761 1167 Exempli
795 1107 888 1148 causa
921 1109 975 1166 par
1000 1089 1102 1148 Russii
1134 1088 1321 1165 praeclarum
1356 1106 1431 1164 opas
1463 1089 1690 1165 inscriptionum

357 1196 587 1256 christianarum
608 1194 788 1251 urbanarum
811 1191 922 1251 saeculi
944 1192 1044 1268 quarti
1065 1199 1095 1248 et
1116 1190 1210 1267 quinti
1233 1189 1291 1248 iarn
1314 1207 1510 1266 assequemur
1530 1190 1596 1248 eius
1617 1200 1691 1250 tem·

357 1297 439 1375 poris
471 1295 618 1355 sermonis
645 1293 753 1352 urbani
780 1293 891 1370 plebeii
917 1292 991 1351 satis
1018 1291 1139 1350 uberem
1165 1291 1316 1362 notitiam;
1346 1291 1543 1367 similiterque
1569 1291 1690 1350 tractari

358 1406 499 1474 poterant
523 1397 613 1454 etiam
634 1394 770 1453 Africani
795 1393 887 1465 titali,
913 1400 1072 1469 postquam
1098 1409 1150 1450 eos
1177 1392 1214 1450 ab
1236 1391 1377 1450 Renierio
1402 1393 1572 1470 recognitos
1599 1393 1690 1455 lrabe-

357 1516 435 1557 mas.
485 1497 628 1556 Fortasse
656 1497 723 1572 ipsa
749 1496 824 1554 baec
851 1494 1018 1570 ephemeris
1046 1492 1192 1551 eiusmodi
1219 1493 1472 1552 commentariolis
1500 1493 1689 1570 publicandis

358 1598 522 1677 aliquando
544 1598 694 1656 inserviet.

442 1697 503 1760 Sed
524 1700 583 1758 iam
605 1717 625 1755 a
645 1699 736 1774 longo
758 1697 883 1755 exordio
898 1697 1053 1754 veniamus
1076 1695 1115 1752 ad
1136 1694 1380 1771 quaestiunculas
1401 1697 1611 1774 grammaticas
1628 1712 1688 1768 cas,

358 1801 395 1860 da
423 1801 530 1877 quibus
557 1801 588 1858 in
614 1800 715 1857 animo·
736 1808 783 1856 est
803 1798 911 1857 dicere.
956 1800 1032 1856 Aeta
1052 1797 1179 1855 fratrum
1200 1796 1359 1854 Arvalium
1382 1797 1450 1854 dum
1474 1816 1630 1872 percurro,
1654 1796 1689 1854 'id

358 1919 467 1978 corpus
482 1901 580 1959 visam
602 1910 649 1958 est
671 1906 704 1956 ut
725 1899 763 1956 ad
786 1899 845 1957 alia
867 1901 910 1956 ita
931 1900 1020 1956 etiam
1042 1899 1151 1956 adres
1173 1898 1383 1974 grammaticas
1398 1898 1588 1956 utilissimam
1606 1915 1688 1966 esee3

358 2003 495 2060 similiter
516 2001 593 2060 enim
616 2008 649 2058 ut
671 2007 739 2056 ante
761 2000 878 2076 aliquot
899 2017 993 2057 annos
1016 1999 1052 2056 de
1075 1997 1248 2074 diplomatis
1265 2007 1471 2056 veteranorum
1487 1999 1575 2056 docui
1598 1997 1689 2074 (Her-

358 2122 424 2162 mae
445 2102 535 2160 voll
562 2123 592 2178 p.
612 2099 673 2158 460
685 2100 778 2176 seq),
805 2101 848 2158 ita
873 2100 930 2158 hoc
958 2118 1075 2176 quoque
1102 2116 1210 2173 corpas
1237 2099 1327 2156 habet
1352 2108 1420 2157 acta
1445 2117 1591 2157 annorum
1618 2099 1688 2177 plus

358 2205 552 2262 ducentorum
578 2202 616 2259 ab
638 2201 779 2259 extremis
799 2201 930 2276 Augusti
956 2199 1140 2276 temporibus
1162 2199 1200 2256 ad
1224 2197 1412 2258 Gordianum
1434 2200 1548 2258 Romae
1570 2200 1690 2275 publice

358 2305 528 2378 conscripta
548 2309 578 2359 et
598 2303 641 2359 ita
662 2309 843 2377 comparata,
866 2307 899 2357 ut
920 2300 1081 2376 quotannis
1104 2299 1130 2358 si
1151 2317 1212 2357 non
1233 2299 1349 2370 iisdem,
1371 2308 1450 2358 certe
1466 2300 1614 2358 similibus
1629 2301 1690 2360 sor-

359 2405 448 2463 mulie
470 2402 667 2476 sollemnique
689 2401 851 2459 earundem
873 2419 970 2458 reram
992 2401 1168 2475 repetitione
1190 2402 1452 2477 perscribereatur.
1497 2399 1688 2476 Quamquam

359 2503 547 2583 diplomatis,
573 2503 605 2560 id
626 2511 672 2562 est
692 2502 809 2580 legibus
830 2501 1019 2577 imperatoris
1046 2501 1130 2559 iussa
1159 2501 1196 2559 ab
1222 2501 1259 2560 iis
1281 2501 1389 2576 quibas
1410 2503 1440 2560 id
1461 2503 1613 2579 negotium
1635 2524 1690 2581 pu·

359 2606 436 2665 blica
457 2605 560 2663 datum
582 2611 661 2662 esset
681 2603 835 2680 conceptis
857 2612 887 2660 et
913 2602 987 2660 satis
1009 2601 1165 2677 diligenter
1186 2601 1291 2659 deinde
1313 2621 1352 2659 ex
1373 2621 1442 2660 aere
1463 2604 1563 2678 palam
1580 2623 1688 2681 propo·

359 2707 417 2766 sito
439 2705 596 2780 descriptis
618 2713 649 2762 et
669 2704 840 2781 recognitis,
862 2713 931 2762 acta
952 2703 1025 2761 haee
1045 2703 1134 2778 longe
1154 2703 1299 2761 inferiore
1320 2713 1400 2775 sunt,
1421 2704 1571 2781 inlepide
1592 2705 1688 2764 incisa

359 2828 378 2866 a
404 2825 491 2864 servo
518 2805 638 2881 publico
664 2805 792 2880 collegio
814 2805 851 2861 ad
874 2804 903 2862 id
924 2805 1022 2879 ipsam
1045 2804 1189 2862 attributo
1211 2823 1308 2880 neque
1330 2806 1438 2881 opinor
1458 2816 1580 2883 propter
1602 2825 1688 2866 usam

359 2907 506 2966 tractandi
538 2925 575 2964 ea
607 2915 636 2964 et
668 2905 872 2976 describendi,
905 2905 958 2964 sed
988 2915 1022 2962 ut
1053 2905 1321 2981 quomodocunque
1354 2907 1522 2983 perscripta
1553 2916 1691 2966 extarent

359 3017 483 3085 propter
511 3007 684 3085 religionem
712 3008 814 3064 nescio
840 3025 939 3083 quam.
989 3003 1069 3065 Sane
1096 3006 1143 3064 vel
1171 3005 1236 3064 sola
1262 3006 1429 3064 litteratura
1456 3008 1611 3084 utriusque
1639 3026 1689 3084 ge·

359 3110 438 3168 neris
466 3109 708 3166 documentorum
735 3126 801 3166 eam
828 3107 1024 3165 differentiam
1050 3093 1132 3166 clarc¹
1154 3108 1308 3183 proponit;
1336 3126 1405 3165 nam
1430 3126 1498 3165 cum
1524 3108 1690 3184 diplomate

359 3209 519 3268 ostendant
543 3209 719 3284 quadratam
747 3217 776 3266 et
801 3208 910 3266 iustam
937 3215 967 3265 et
992 3209 1123 3266 maxime
1150 3209 1247 3284 primo
1273 3209 1391 3266 saeculo
1417 3209 1504 3284 louge
1526 3210 1689 3286 pulcherri-

359 3328 448 3381 mam,
471 3318 537 3367 acta
550 3309 718 3380 Arvalium,
740 3327 867 3384 quoram
889 3309 1056 3385 scripturae
1078 3310 1227 3385 specimen
1248 3318 1384 3368 accurate
1406 3309 1549 3368 selectum
1569 3310 1690 3370 tabulae

360 3409 573 3468 Henzenianac
602 3411 738 3468 relationi
769 3411 902 3468 adiectae
928 3417 1113 3488 proponunt,
1139 3410 1206 3487 ipso
1232 3411 1330 3487 primo
1352 3411 1472 3469 saeculo
1494 3411 1533 3469 sd
1555 3412 1691 3488 antiqua·

359 3513 471 3570 riorum
493 3512 672 3586 scripturam
694 3511 884 3587 aliquatenus
906 3511 1058 3569 declinant
1078 3529 1133 3568 nee
1154 3511 1279 3571 multam
1294 3511 1437 3571 recedunt
1450 3531 1470 3570 a
1484 3512 1579 3571 titulis
1595 3514 1690 3589 scrip·

358 3614 398 3671 tis
424 3612 455 3669 in
482 3612 646 3689 parietibus
668 3613 862 3688 Pompeianis
889 3613 1017 3670 carbone
1038 3612 1087 3670 vel
1113 3613 1246 3683 rubrica,
1273 3631 1399 3688 quoram
1426 3613 1574 3672 elementa
1594 3634 1691 3691 nuper

359 3714 404 3770 vir
429 3713 460 3770 in
485 3713 543 3772 hoo
568 3712 688 3788 quidem
715 3713 881 3771 studiorum
903 3730 1011 3790 genere
1037 3713 1125 3771 hodie
1147 3714 1235 3772 facile
1255 3703 1395 3792 princeps
1418 3712 1546 3773 Carolus
1574 3715 1689 3792 Zange-

359 3812 480 3872 meister
506 3813 537 3870 in
565 3812 724 3870 voluminis
750 3813 848 3888 quarti
869 3814 972 3872 tabula
993 3815 1091 3889 prima
1111 3825 1248 3873 accurate
1269 3816 1516 3892 repraesentavit.
1559 3814 1689 3892 Compa-

360 3923 442 3972 retur
462 3912 541 3973 inter
561 3913 623 3970 alia
643 3912 782 3972 clementi
803 3934 824 3972 a
844 3915 940 3991 figura
959 3915 990 3974 in
1012 3916 1160 3992 scriptura
1184 3917 1329 3992 quadrata
1349 3918 1430 3976 iusta
1450 3936 1569 3992 semper
1584 3917 1688 3976 exiens

359 4013 391 4070 in
417 4012 558 4087 angulum
585 4022 718 4085 acutam,
747 4015 778 4072 in
804 4017 880 4075 actis
900 4023 999 4074 autem
1021 4018 1117 4075 titulis
1139 4018 1308 4094 parietariis
1331 4037 1384 4094 per
1404 4018 1518 4094 gradus
1536 4019 1689 4077 declinans

360 4113 399 4170 ad
427 4112 553 4188 figuram
582 4115 797 4174 subnotandum
823 4134 844 4176 υ
866 4117 956 4175 talem
978 4118 1055 4191 fere,
1081 4119 1178 4195 qualis
1204 4119 1335 4195 pingitur
1359 4119 1391 4175 in
1410 4137 1527 4195 papyro
1549 4118 1688 4178 carminis

358 4212 514 4271 Rabirieni
546 4213 780 4288 Herculanensi3
816 4219 893 4276 ande
924 4218 1032 4277 deinde
1064 4219 1224 4295 antiquarii
1257 4221 1363 4278 aetatis
1395 4220 1540 4294 labentis,
1573 4231 1606 4279 ut
1638 4221 1689 4296 qai

359 4315 545 4391 scripserant
567 4315 695 4391 Digesta
708 4315 733 4374 F
735 4318 892 4392 larentina,
913 4320 1048 4378 fecerant
1068 4321 1194 4397 figuram
1219 4339 1248 4381 u.
1294 4319 1439 4381 Similiter
1459 4341 1478 4378 n
1499 4321 1601 4379 littera
1621 4341 1687 4380 cam

358 4415 391 4476 in
418 4415 590 4493 diplomatis
617 4417 750 4476 melioris
777 4421 884 4478 aetatis
910 4420 952 4480 sic
980 4421 1042 4478 lere
1069 4422 1210 4498 pingatur
1236 4437 1272 4493 Ν,
1301 4422 1332 4480 in
1359 4422 1453 4480 titulis
1483 4421 1571 4496 pictis
1597 4421 1690 4480 Pom-

360 4516 476 4593 peianis
503 4526 533 4575 et
558 4518 588 4575 in
615 4517 689 4576 actis
711 4520 869 4578 Arvalium
896 4531 926 4579 et
951 4520 982 4578 in
1008 4539 1123 4598 papyro
1149 4521 1203 4579 illo
1229 4522 1272 4581 sic
1293 4522 1355 4581 sere
1376 4523 1507 4580 cernitur
1528 4521 1570 4580 N.
1585 4554 1622 4564 -
1646 4521 1690 4596 Ut

358 4617 533 4691 litteratura,
554 4620 598 4677 ita
618 4621 813 4696 grammatica
833 4623 863 4680 in
883 4622 1017 4698 utrisque
1036 4621 1145 4681 differt.
1181 4621 1261 4682 Nam
1277 4623 1450 4701 diplomata,
1471 4641 1547 4698 quaa
1568 4623 1688 4697 quidem

358 4726 426 4777 ante
452 4717 595 4780 Severum
621 4722 733 4797 scripta
761 4722 836 4792 sint,
863 4741 882 4779 a
906 4723 1099 4782 barbarismis
1121 4724 1267 4783 immunia
1288 4735 1371 4798 sunt,
1398 4733 1430 4783 ut
1455 4723 1543 4782 tertio
1570 4723 1689 4789 demam

358 4819 479 4878 saeculo
494 4821 568 4880 vitia
588 4821 620 4879 in
641 4822 679 4880 iis
702 4840 874 4898 comparere
894 4823 1050 4902 incipiant3
1072 4825 1115 4883 ita
1136 4843 1193 4901 pos
1214 4827 1294 4901 qaod
1316 4833 1362 4884 est
1383 4843 1439 4900 pro
1458 4834 1526 4900 post
1546 4835 1689 4901 sequente

358 4919 455 4978 denuo
477 4921 577 4979 littera
598 4929 617 4994 t,
644 4941 731 5000 quem
753 4922 962 4982 soloecismum
983 4924 1072 4983 hodie
1094 4926 1180 4984 multi
1200 4927 1344 5003 religiose
1365 4925 1461 5002 magis
1483 4925 1586 4986 colant
1599 4943 1691 5001 quam

358 5020 488 5092 erudite,
510 5021 676 5097 diplomata
695 5023 734 5080 ad
754 5023 890 5082 Marcum
911 5043 1004 5100 usque
1024 5007 1180 5102 ignorant,
1208 5035 1240 5085 at
1261 5029 1298 5086 ab
1320 5047 1347 5086 a.
1369 5026 1438 5085 inde
1461 5024 1521 5084 ild
1543 5037 1688 5104 perpetuo

358 5121 492 5178 scribant
512 5123 717 5198 pertemptata,
745 5135 777 5183 at
804 5124 861 5184 hoc
886 5126 1035 5185 scribendi
1056 5127 1161 5187 vitium
1182 5136 1328 5206 appareat
1353 5137 1545 5188 monumenta
1571 5127 1690 5204 publica
