<?xml version="1.0" encoding="UTF-8"?>
<!DOCTYPE html PUBLIC "-//W3C//DTD XHTML 1.0 Transitional//EN"
    "http://www.w3.org/TR/xhtml1/DTD/xhtml1-transitional.dtd">
<html xmlns="http://www.w3.org/1999/xhtml" xml:lang="en" lang="en">
 <head>
  <title>
</title>
<meta http-equiv="Content-Type" content="text/html;charset=utf-8" />
  <meta name='ocr-system' content='tesseract 3.04.00' />
  <meta name='ocr-capabilities' content='ocr_page ocr_carea ocr_par ocr_line ocrx_word'/>
</head>
<body>
  <div class='ocr_page' id='page_1' title='image "./ephemerisepigra04instgoog_0262.png"; bbox 0 0 3712 5838; ppageno 0'>
   <div class='ocr_carea' id='block_1_1' title="bbox 728 559 1501 631">
    <p class='ocr_par' dir='ltr' id='par_1_1' title="bbox 728 559 1501 631">
     <span class='ocr_line' id='line_1_1' title="bbox 728 559 1501 631; baseline 0.009 -8"><span class='ocrx_word' id='word_1_1' title='bbox 728 571 942 626; x_wconf 78' lang='lat' dir='ltr'><strong>rncrvonvs.</strong></span> <span class='ocrx_word' id='word_1_2' title='bbox 1429 559 1501 631; x_wconf 77' lang='lat'><strong>257</strong></span> 
     </span>
    </p>
   </div>
   <div class='ocr_carea' id='block_1_2' title="bbox 177 741 1507 1830">
    <p class='ocr_par' dir='ltr' id='par_1_2' title="bbox 177 741 1507 1830">
     <span class='ocr_line' id='line_1_2' title="bbox 177 741 1504 826; baseline 0.008 -24"><span class='ocrx_word' id='word_1_3' title='bbox 177 743 271 820; x_wconf 89' lang='lat' dir='ltr'><strong>(Bibl.</strong></span> <span class='ocrx_word' id='word_1_4' title='bbox 294 741 393 802; x_wconf 89' lang='lat' dir='ltr'><strong>Vatic.</strong></span> <span class='ocrx_word' id='word_1_5' title='bbox 416 741 512 820; x_wconf 73' lang='lat'>6852)</span> <span class='ocrx_word' id='word_1_6' title='bbox 537 743 569 802; x_wconf 91' lang='lat' dir='ltr'><strong>in</strong></span> <span class='ocrx_word' id='word_1_7' title='bbox 590 761 650 819; x_wconf 94' lang='lat' dir='ltr'><strong>quo</strong></span> <span class='ocrx_word' id='word_1_8' title='bbox 671 743 838 803; x_wconf 86' lang='lat' dir='ltr'><strong>litterarum</strong></span> <span class='ocrx_word' id='word_1_9' title='bbox 859 745 973 821; x_wconf 87' lang='lat' dir='ltr'><strong>figurae</strong></span> <span class='ocrx_word' id='word_1_10' title='bbox 998 744 1037 803; x_wconf 88' lang='lat' dir='ltr'><strong>ad</strong></span> <span class='ocrx_word' id='word_1_11' title='bbox 1058 746 1228 824; x_wconf 88' lang='lat' dir='ltr'><strong>exemplum</strong></span> <span class='ocrx_word' id='word_1_12' title='bbox 1249 750 1439 826; x_wconf 85' lang='lat' dir='ltr'><strong>antiquarum</strong></span> <span class='ocrx_word' id='word_1_13' title='bbox 1460 754 1504 813; x_wconf 93' lang='lat' dir='ltr'><strong>in·</strong></span> 
     </span>
     <span class='ocr_line' id='line_1_3' title="bbox 177 844 1504 928; baseline 0.006 -24"><span class='ocrx_word' id='word_1_14' title='bbox 177 844 374 921; x_wconf 72' lang='lat' dir='ltr'><strong>scriptionum</strong></span> <span class='ocrx_word' id='word_1_15' title='bbox 397 850 538 903; x_wconf 76' lang='lat' dir='ltr'><strong>exaratae</strong></span> <span class='ocrx_word' id='word_1_16' title='bbox 562 844 711 920; x_wconf 86' lang='lat' dir='ltr'><strong>variisque</strong></span> <span class='ocrx_word' id='word_1_17' title='bbox 732 845 883 904; x_wconf 88' lang='lat' dir='ltr'><strong>coloribus</strong></span> <span class='ocrx_word' id='word_1_18' title='bbox 905 845 1000 904; x_wconf 78' lang='lat' dir='ltr'><strong>illitae</strong></span> <span class='ocrx_word' id='word_1_19' title='bbox 1021 855 1140 918; x_wconf 81' lang='lat' dir='ltr'>extant,</span> <span class='ocrx_word' id='word_1_20' title='bbox 1167 866 1234 907; x_wconf 84' lang='lat' dir='ltr'><strong>curn</strong></span> <span class='ocrx_word' id='word_1_21' title='bbox 1255 850 1327 908; x_wconf 91' lang='lat' dir='ltr'><strong>mihi</strong></span> <span class='ocrx_word' id='word_1_22' title='bbox 1348 869 1403 928; x_wconf 89' lang='lat' dir='ltr'><strong>per</strong></span> <span class='ocrx_word' id='word_1_23' title='bbox 1423 852 1504 913; x_wconf 89' lang='lat' dir='ltr'><strong>eius-</strong></span> 
     </span>
     <span class='ocr_line' id='line_1_4' title="bbox 177 944 1504 1030; baseline 0.006 -26"><span class='ocrx_word' id='word_1_24' title='bbox 177 945 246 1004; x_wconf 86' lang='lat' dir='ltr'><strong>dem</strong></span> <span class='ocrx_word' id='word_1_25' title='bbox 266 945 446 1004; x_wconf 86' lang='lat' dir='ltr'><strong>Mommacni</strong></span> <span class='ocrx_word' id='word_1_26' title='bbox 467 944 679 1002; x_wconf 78' lang='lat' dir='ltr'><strong>humanitatem</strong></span> <span class='ocrx_word' id='word_1_27' title='bbox 702 946 889 1017; x_wconf 79' lang='lat' dir='ltr'><strong>innotuisset,</strong></span> <span class='ocrx_word' id='word_1_28' title='bbox 911 946 998 1004; x_wconf 85' lang='lat' dir='ltr'><strong>facile</strong></span> <span class='ocrx_word' id='word_1_29' title='bbox 1019 946 1178 1024; x_wconf 82' lang='lat' dir='ltr'><strong>impetravi</strong></span> <span class='ocrx_word' id='word_1_30' title='bbox 1199 967 1218 1007; x_wconf 92' lang='lat' dir='ltr'><strong>a</strong></span> <span class='ocrx_word' id='word_1_31' title='bbox 1238 949 1399 1011; x_wconf 82' lang='lat' dir='ltr'><strong>Francisco</strong></span> <span class='ocrx_word' id='word_1_32' title='bbox 1413 953 1504 1030; x_wconf 77' lang='lat' dir='ltr'><strong>nunt,</strong></span> 
     </span>
     <span class='ocr_line' id='line_1_5' title="bbox 177 1045 1504 1132; baseline 0.009 -28"><span class='ocrx_word' id='word_1_33' title='bbox 177 1055 210 1105; x_wconf 94' lang='lat' dir='ltr'><strong>ut</strong></span> <span class='ocrx_word' id='word_1_34' title='bbox 230 1046 395 1105; x_wconf 82' lang='lat' dir='ltr'><strong>litterarum</strong></span> <span class='ocrx_word' id='word_1_35' title='bbox 417 1045 564 1122; x_wconf 80' lang='lat' dir='ltr'><strong>imagines</strong></span> <span class='ocrx_word' id='word_1_36' title='bbox 584 1046 622 1104; x_wconf 91' lang='lat' dir='ltr'><strong>ab</strong></span> <span class='ocrx_word' id='word_1_37' title='bbox 643 1045 751 1104; x_wconf 88' lang='lat' dir='ltr'><strong>idoneo</strong></span> <span class='ocrx_word' id='word_1_38' title='bbox 773 1047 886 1114; x_wconf 82' lang='lat' dir='ltr'><strong>artifice</strong></span> <span class='ocrx_word' id='word_1_39' title='bbox 906 1046 1099 1106; x_wconf 88' lang='lat' dir='ltr'><strong>delineandaa</strong></span> <span class='ocrx_word' id='word_1_40' title='bbox 1119 1057 1246 1123; x_wconf 87' lang='lat' dir='ltr'><strong>curaret,</strong></span> <span class='ocrx_word' id='word_1_41' title='bbox 1266 1059 1366 1112; x_wconf 89' lang='lat' dir='ltr'><strong>cetera</strong></span> <span class='ocrx_word' id='word_1_42' title='bbox 1385 1054 1452 1132; x_wconf 90' lang='lat' dir='ltr'><strong>ipse</strong></span> <span class='ocrx_word' id='word_1_43' title='bbox 1471 1057 1504 1115; x_wconf 89' lang='lat' dir='ltr'><strong>in</strong></span> 
     </span>
     <span class='ocr_line' id='line_1_6' title="bbox 177 1143 1505 1228; baseline 0.008 -23"><span class='ocrx_word' id='word_1_44' title='bbox 177 1164 277 1206; x_wconf 89' lang='lat' dir='ltr'><strong>meum</strong></span> <span class='ocrx_word' id='word_1_45' title='bbox 303 1163 389 1206; x_wconf 86' lang='lat' dir='ltr'><strong>usum</strong></span> <span class='ocrx_word' id='word_1_46' title='bbox 417 1145 605 1206; x_wconf 89' lang='lat' dir='ltr'><strong>describeret.</strong></span> <span class='ocrx_word' id='word_1_47' title='bbox 649 1143 784 1221; x_wconf 82' lang='lat' dir='ltr'><strong>Cumque</strong></span> <span class='ocrx_word' id='word_1_48' title='bbox 810 1147 959 1207; x_wconf 79' lang='lat' dir='ltr'><strong>videretur</strong></span> <span class='ocrx_word' id='word_1_49' title='bbox 983 1151 1056 1207; x_wconf 87' lang='lat' dir='ltr'><strong>haec</strong></span> <span class='ocrx_word' id='word_1_50' title='bbox 1078 1148 1224 1208; x_wconf 84' lang='lat' dir='ltr'><strong>Feliciani</strong></span> <span class='ocrx_word' id='word_1_51' title='bbox 1251 1169 1343 1228; x_wconf 88' lang='lat' dir='ltr'><strong>opera</strong></span> <span class='ocrx_word' id='word_1_52' title='bbox 1367 1156 1505 1217; x_wconf 92' lang='lat' dir='ltr'><strong>nonnihil</strong></span> 
     </span>
     <span class='ocr_line' id='line_1_7' title="bbox 178 1246 1504 1330; baseline 0.008 -24"><span class='ocrx_word' id='word_1_53' title='bbox 178 1247 315 1307; x_wconf 89' lang='lat' dir='ltr'><strong>utilitatis</strong></span> <span class='ocrx_word' id='word_1_54' title='bbox 337 1247 447 1306; x_wconf 86' lang='lat' dir='ltr'><strong>hahere</strong></span> <span class='ocrx_word' id='word_1_55' title='bbox 474 1246 512 1305; x_wconf 89' lang='lat' dir='ltr'><strong>ad</strong></span> <span class='ocrx_word' id='word_1_56' title='bbox 536 1246 745 1305; x_wconf 88' lang='lat' dir='ltr'><strong>illustrandam</strong></span> <span class='ocrx_word' id='word_1_57' title='bbox 772 1247 938 1307; x_wconf 89' lang='lat' dir='ltr'><strong>studiorum</strong></span> <span class='ocrx_word' id='word_1_58' title='bbox 965 1250 1225 1326; x_wconf 89' lang='lat' dir='ltr'><strong>epigraphicorum</strong></span> <span class='ocrx_word' id='word_1_59' title='bbox 1245 1254 1416 1330; x_wconf 86' lang='lat' dir='ltr'><strong>historiam,</strong></span> <span class='ocrx_word' id='word_1_60' title='bbox 1443 1257 1504 1316; x_wconf 87' lang='lat' dir='ltr'><strong>iam</strong></span> 
     </span>
     <span class='ocr_line' id='line_1_8' title="bbox 177 1347 1505 1430; baseline 0.007 -22"><span class='ocrx_word' id='word_1_61' title='bbox 177 1348 386 1408; x_wconf 87' lang='lat' dir='ltr'><strong>constituimus</strong></span> <span class='ocrx_word' id='word_1_62' title='bbox 407 1347 584 1424; x_wconf 91' lang='lat' dir='ltr'><strong>opusculum</strong></span> <span class='ocrx_word' id='word_1_63' title='bbox 606 1348 735 1425; x_wconf 82' lang='lat' dir='ltr'><strong>exiguae</strong></span> <span class='ocrx_word' id='word_1_64' title='bbox 757 1348 844 1406; x_wconf 89' lang='lat' dir='ltr'><strong>molis</strong></span> <span class='ocrx_word' id='word_1_65' title='bbox 865 1367 931 1407; x_wconf 91' lang='lat' dir='ltr'><strong>cum</strong></span> <span class='ocrx_word' id='word_1_66' title='bbox 946 1349 1109 1408; x_wconf 90' lang='lat' dir='ltr'><strong>lectoribus</strong></span> <span class='ocrx_word' id='word_1_67' title='bbox 1123 1350 1211 1411; x_wconf 89' lang='lat' dir='ltr'><strong>huius</strong></span> <span class='ocrx_word' id='word_1_68' title='bbox 1233 1355 1439 1430; x_wconf 85' lang='lat' dir='ltr'><strong>ephemerides</strong></span> <span class='ocrx_word' id='word_1_69' title='bbox 1461 1359 1505 1418; x_wconf 90' lang='lat' dir='ltr'><strong>ita</strong></span> 
     </span>
     <span class='ocr_line' id='line_1_9' title="bbox 178 1445 1505 1537; baseline 0.009 -29"><span class='ocrx_word' id='word_1_70' title='bbox 178 1449 414 1522; x_wconf 88' lang='lat' dir='ltr'><strong>communicare,</strong></span> <span class='ocrx_word' id='word_1_71' title='bbox 441 1457 473 1508; x_wconf 88' lang='lat' dir='ltr'><strong>nt</strong></span> <span class='ocrx_word' id='word_1_72' title='bbox 492 1450 611 1508; x_wconf 88' lang='lat' dir='ltr'><strong>litterae</strong></span> <span class='ocrx_word' id='word_1_73' title='bbox 636 1449 674 1507; x_wconf 88' lang='lat' dir='ltr'><strong>ad</strong></span> <span class='ocrx_word' id='word_1_74' title='bbox 694 1449 838 1506; x_wconf 92' lang='lat' dir='ltr'><strong>minorem</strong></span> <span class='ocrx_word' id='word_1_75' title='bbox 859 1450 1013 1508; x_wconf 90' lang='lat' dir='ltr'><strong>modulum</strong></span> <span class='ocrx_word' id='word_1_76' title='bbox 1032 1450 1171 1510; x_wconf 85' lang='lat' dir='ltr'><strong>redactae</strong></span> <span class='ocrx_word' id='word_1_77' title='bbox 1191 1445 1342 1515; x_wconf 88' lang='lat' dir='ltr'><strong>coloribus</strong></span> <span class='ocrx_word' id='word_1_78' title='bbox 1362 1457 1505 1537; x_wconf 81' lang='lat' dir='ltr'><strong>neglectis</strong></span> 
     </span>
     <span class='ocr_line' id='line_1_10' title="bbox 178 1549 1505 1629; baseline 0.01 -23"><span class='ocrx_word' id='word_1_79' title='bbox 178 1549 210 1606; x_wconf 89' lang='lat' dir='ltr'><strong>in</strong></span> <span class='ocrx_word' id='word_1_80' title='bbox 231 1549 376 1625; x_wconf 80' lang='lat' dir='ltr'><strong>peculiari</strong></span> <span class='ocrx_word' id='word_1_81' title='bbox 397 1549 498 1609; x_wconf 87' lang='lat' dir='ltr'><strong>tabula</strong></span> <span class='ocrx_word' id='word_1_82' title='bbox 519 1549 592 1626; x_wconf 87' lang='lat' dir='ltr'><strong>(tab.</strong></span> <span class='ocrx_word' id='word_1_83' title='bbox 608 1549 655 1626; x_wconf 90' lang='lat'><strong>11)</strong></span> <span class='ocrx_word' id='word_1_84' title='bbox 677 1550 897 1622; x_wconf 87' lang='lat' dir='ltr'><strong>exhiberentur,</strong></span> <span class='ocrx_word' id='word_1_85' title='bbox 919 1568 986 1608; x_wconf 88' lang='lat' dir='ltr'><strong>cum</strong></span> <span class='ocrx_word' id='word_1_86' title='bbox 1006 1553 1174 1629; x_wconf 89' lang='lat' dir='ltr'><strong>praeceptis</strong></span> <span class='ocrx_word' id='word_1_87' title='bbox 1196 1561 1295 1613; x_wconf 89' lang='lat' dir='ltr'><strong>autem</strong></span> <span class='ocrx_word' id='word_1_88' title='bbox 1318 1557 1505 1618; x_wconf 83' lang='lat' dir='ltr'><strong>aFeliciano</strong></span> 
     </span>
     <span class='ocr_line' id='line_1_11' title="bbox 179 1650 1507 1728; baseline 0.009 -20"><span class='ocrx_word' id='word_1_89' title='bbox 179 1650 358 1727; x_wconf 84' lang='lat' dir='ltr'><strong>excogitatis</strong></span> <span class='ocrx_word' id='word_1_90' title='bbox 378 1650 480 1709; x_wconf 88' lang='lat' dir='ltr'><strong>Lucae</strong></span> <span class='ocrx_word' id='word_1_91' title='bbox 502 1650 639 1711; x_wconf 88' lang='lat' dir='ltr'><strong>Paciuoli</strong></span> <span class='ocrx_word' id='word_1_92' title='bbox 660 1659 822 1726; x_wconf 86' lang='lat' dir='ltr'><strong>praecepta</strong></span> <span class='ocrx_word' id='word_1_93' title='bbox 846 1659 1095 1728; x_wconf 88' lang='lat' dir='ltr'><strong>componerentur</strong></span> <span class='ocrx_word' id='word_1_94' title='bbox 1115 1670 1175 1728; x_wconf 89' lang='lat' dir='ltr'><strong>quo</strong></span> <span class='ocrx_word' id='word_1_95' title='bbox 1195 1654 1313 1716; x_wconf 86' lang='lat' dir='ltr'><strong>facilius</strong></span> <span class='ocrx_word' id='word_1_96' title='bbox 1333 1657 1370 1717; x_wconf 91' lang='lat' dir='ltr'><strong>de</strong></span> <span class='ocrx_word' id='word_1_97' title='bbox 1391 1661 1507 1720; x_wconf 87' lang='lat' dir='ltr'><strong>ratione</strong></span> 
     </span>
     <span class='ocr_line' id='line_1_12' title="bbox 179 1751 994 1830; baseline 0.004 -21"><span class='ocrx_word' id='word_1_98' title='bbox 179 1767 256 1827; x_wconf 87' lang='lat' dir='ltr'><strong>quse</strong></span> <span class='ocrx_word' id='word_1_99' title='bbox 277 1751 355 1810; x_wconf 89' lang='lat' dir='ltr'><strong>inter</strong></span> <span class='ocrx_word' id='word_1_100' title='bbox 376 1758 500 1829; x_wconf 87' lang='lat' dir='ltr'><strong>utraque</strong></span> <span class='ocrx_word' id='word_1_101' title='bbox 521 1751 688 1825; x_wconf 81' lang='lat' dir='ltr'><strong>intercedit,</strong></span> <span class='ocrx_word' id='word_1_102' title='bbox 709 1752 833 1811; x_wconf 87' lang='lat' dir='ltr'><strong>iudicari</strong></span> <span class='ocrx_word' id='word_1_103' title='bbox 854 1753 994 1830; x_wconf 85' lang='lat' dir='ltr'><strong>posset1)</strong></span> 
     </span>
    </p>
   </div>
   <div class='ocr_carea' id='block_1_3' title="bbox 302 2035 1037 2175">
    <p class='ocr_par' dir='ltr' id='par_1_3' title="bbox 302 2035 1037 2175">
     <span class='ocr_line' id='line_1_13' title="bbox 302 2035 1037 2175; baseline 0.008 -84"><span class='ocrx_word' id='word_1_104' title='bbox 302 2118 331 2175; x_wconf 65' lang='grc' dir='ltr'>Α</span> <span class='ocrx_word' id='word_1_105' title='bbox 751 2035 939 2113; x_wconf 65' lang='lat' dir='ltr'><strong>[Pacoro]</strong></span> <span class='ocrx_word' id='word_1_106' title='bbox 1035 2037 1037 2045; x_wconf 63' lang='lat'><em>&#39;</em></span> 
     </span>
    </p>
   </div>
   <div class='ocr_carea' id='block_1_4' title="bbox 181 2269 1507 2855">
    <p class='ocr_par' dir='ltr' id='par_1_4' title="bbox 181 2269 1507 2855">
     <span class='ocr_line' id='line_1_14' title="bbox 264 2269 1506 2356; baseline 0.01 -26"><span class='ocrx_word' id='word_1_107' title='bbox 264 2269 381 2346; x_wconf 82' lang='lat' dir='ltr'><strong>Questa</strong></span> <span class='ocrx_word' id='word_1_108' title='bbox 398 2271 494 2331; x_wconf 85' lang='lat' dir='ltr'><strong>letera</strong></span> <span class='ocrx_word' id='word_1_109' title='bbox 506 2273 536 2330; x_wconf 82' lang='grc' dir='ltr'><strong>Α</strong></span> <span class='ocrx_word' id='word_1_110' title='bbox 558 2271 586 2331; x_wconf 90' lang='lat' dir='ltr'><strong>si</strong></span> <span class='ocrx_word' id='word_1_111' title='bbox 607 2291 681 2332; x_wconf 91' lang='lat' dir='ltr'><strong>caua</strong></span> <span class='ocrx_word' id='word_1_112' title='bbox 695 2273 743 2332; x_wconf 90' lang='lat' dir='ltr'><strong>del</strong></span> <span class='ocrx_word' id='word_1_113' title='bbox 758 2273 849 2332; x_wconf 87' lang='lat' dir='ltr'><strong>tonde</strong></span> <span class='ocrx_word' id='word_1_114' title='bbox 871 2293 887 2332; x_wconf 89' lang='lat' dir='ltr'><strong>e</strong></span> <span class='ocrx_word' id='word_1_115' title='bbox 910 2273 958 2333; x_wconf 89' lang='lat' dir='ltr'><strong>del</strong></span> <span class='ocrx_word' id='word_1_116' title='bbox 980 2289 1036 2332; x_wconf 90' lang='lat' dir='ltr'><strong>suo</strong></span> <span class='ocrx_word' id='word_1_117' title='bbox 1051 2273 1181 2351; x_wconf 88' lang='lat' dir='ltr'><strong>quadro:</strong></span> <span class='ocrx_word' id='word_1_118' title='bbox 1203 2275 1235 2336; x_wconf 86' lang='lat' dir='ltr'><strong>la</strong></span> <span class='ocrx_word' id='word_1_119' title='bbox 1247 2278 1356 2356; x_wconf 87' lang='lat' dir='ltr'><strong>gamba</strong></span> <span class='ocrx_word' id='word_1_120' title='bbox 1378 2279 1506 2343; x_wconf 85' lang='lat' dir='ltr'><strong>deman</strong></span> 
     </span>
     <span class='ocr_line' id='line_1_15' title="bbox 182 2361 1507 2455; baseline 0.011 -26"><span class='ocrx_word' id='word_1_121' title='bbox 182 2371 261 2430; x_wconf 88' lang='lat' dir='ltr'><strong>drita</strong></span> <span class='ocrx_word' id='word_1_122' title='bbox 280 2373 333 2431; x_wconf 90' lang='lat' dir='ltr'><strong>uol</strong></span> <span class='ocrx_word' id='word_1_123' title='bbox 353 2390 440 2432; x_wconf 88' lang='lat' dir='ltr'><strong>esser</strong></span> <span class='ocrx_word' id='word_1_124' title='bbox 459 2391 567 2450; x_wconf 61' lang='lat' dir='ltr'><strong>gessa</strong></span> <span class='ocrx_word' id='word_1_125' title='bbox 588 2373 653 2433; x_wconf 89' lang='lat' dir='ltr'><strong>dele</strong></span> <span class='ocrx_word' id='word_1_126' title='bbox 675 2392 752 2433; x_wconf 89' lang='lat' dir='ltr'><strong>noue</strong></span> <span class='ocrx_word' id='word_1_127' title='bbox 773 2376 852 2451; x_wconf 88' lang='lat' dir='ltr'><strong>parti</strong></span> <span class='ocrx_word' id='word_1_128' title='bbox 873 2376 945 2434; x_wconf 91' lang='lat' dir='ltr'><strong>luna</strong></span> <span class='ocrx_word' id='word_1_129' title='bbox 965 2375 1001 2433; x_wconf 91' lang='lat' dir='ltr'><strong>de</strong></span> <span class='ocrx_word' id='word_1_130' title='bbox 1022 2361 1139 2436; x_wconf 69' lang='lat' dir='ltr'><strong>lelteze.</strong></span> <span class='ocrx_word' id='word_1_131' title='bbox 1181 2376 1228 2435; x_wconf 89' lang='lat' dir='ltr'><strong>La</strong></span> <span class='ocrx_word' id='word_1_132' title='bbox 1248 2379 1357 2455; x_wconf 87' lang='lat' dir='ltr'><strong>gamba</strong></span> <span class='ocrx_word' id='word_1_133' title='bbox 1377 2383 1507 2444; x_wconf 89' lang='lat' dir='ltr'><strong>aenistra</strong></span> 
     </span>
     <span class='ocr_line' id='line_1_16' title="bbox 182 2472 1506 2552; baseline 0.01 -22"><span class='ocrx_word' id='word_1_134' title='bbox 182 2472 233 2531; x_wconf 93' lang='lat' dir='ltr'><strong>uol</strong></span> <span class='ocrx_word' id='word_1_135' title='bbox 255 2489 339 2532; x_wconf 89' lang='lat' dir='ltr'><strong>esser</strong></span> <span class='ocrx_word' id='word_1_136' title='bbox 351 2473 383 2532; x_wconf 92' lang='lat' dir='ltr'><strong>la</strong></span> <span class='ocrx_word' id='word_1_137' title='bbox 396 2474 470 2532; x_wconf 81' lang='lat' dir='ltr'><strong>mita</strong></span> <span class='ocrx_word' id='word_1_138' title='bbox 491 2474 528 2533; x_wconf 89' lang='lat' dir='ltr'><strong>de</strong></span> <span class='ocrx_word' id='word_1_139' title='bbox 549 2474 580 2532; x_wconf 87' lang='lat' dir='ltr'><strong>la</strong></span> <span class='ocrx_word' id='word_1_140' title='bbox 593 2474 703 2550; x_wconf 89' lang='lat' dir='ltr'><strong>gamba</strong></span> <span class='ocrx_word' id='word_1_141' title='bbox 715 2493 829 2552; x_wconf 81' lang='lat' dir='ltr'><strong>grossa</strong></span> <span class='ocrx_word' id='word_1_142' title='bbox 862 2475 909 2535; x_wconf 84' lang='lat' dir='ltr'><strong>La</strong></span> <span class='ocrx_word' id='word_1_143' title='bbox 921 2477 1031 2552; x_wconf 91' lang='lat' dir='ltr'><strong>gamba</strong></span> <span class='ocrx_word' id='word_1_144' title='bbox 1045 2476 1082 2534; x_wconf 89' lang='lat' dir='ltr'><strong>dc</strong></span> <span class='ocrx_word' id='word_1_145' title='bbox 1104 2495 1189 2536; x_wconf 84' lang='lat' dir='ltr'><strong>mezo</strong></span> <span class='ocrx_word' id='word_1_146' title='bbox 1203 2477 1254 2536; x_wconf 93' lang='lat' dir='ltr'><strong>nol</strong></span> <span class='ocrx_word' id='word_1_147' title='bbox 1276 2497 1359 2539; x_wconf 86' lang='lat' dir='ltr'><strong>esser</strong></span> <span class='ocrx_word' id='word_1_148' title='bbox 1372 2481 1404 2540; x_wconf 88' lang='lat' dir='ltr'><strong>la</strong></span> <span class='ocrx_word' id='word_1_149' title='bbox 1424 2492 1506 2543; x_wconf 79' lang='lat' dir='ltr'><strong>terre</strong></span> 
     </span>
     <span class='ocr_line' id='line_1_17' title="bbox 181 2573 1506 2662; baseline 0.01 -31"><span class='ocrx_word' id='word_1_150' title='bbox 181 2581 266 2649; x_wconf 88' lang='lat' dir='ltr'><strong>parte</strong></span> <span class='ocrx_word' id='word_1_151' title='bbox 286 2573 322 2632; x_wconf 88' lang='lat' dir='ltr'><strong>de</strong></span> <span class='ocrx_word' id='word_1_152' title='bbox 344 2574 374 2633; x_wconf 87' lang='lat' dir='ltr'><strong>la</strong></span> <span class='ocrx_word' id='word_1_153' title='bbox 394 2576 504 2652; x_wconf 87' lang='lat' dir='ltr'><strong>gamba</strong></span> <span class='ocrx_word' id='word_1_154' title='bbox 524 2592 639 2654; x_wconf 86' lang='lat' dir='ltr'><strong>grossa.</strong></span> <span class='ocrx_word' id='word_1_155' title='bbox 683 2575 729 2634; x_wconf 90' lang='lat' dir='ltr'><strong>La</strong></span> <span class='ocrx_word' id='word_1_156' title='bbox 752 2575 893 2652; x_wconf 86' lang='lat' dir='ltr'><strong>largheza</strong></span> <span class='ocrx_word' id='word_1_157' title='bbox 914 2577 951 2634; x_wconf 93' lang='lat' dir='ltr'><strong>de</strong></span> <span class='ocrx_word' id='word_1_158' title='bbox 972 2577 1034 2635; x_wconf 90' lang='lat' dir='ltr'><strong>dita</strong></span> <span class='ocrx_word' id='word_1_159' title='bbox 1055 2577 1150 2636; x_wconf 89' lang='lat' dir='ltr'><strong>letera</strong></span> <span class='ocrx_word' id='word_1_160' title='bbox 1170 2578 1304 2640; x_wconf 74' lang='lat' dir='ltr'><strong>cadaum</strong></span> <span class='ocrx_word' id='word_1_161' title='bbox 1324 2583 1432 2657; x_wconf 85' lang='lat' dir='ltr'><strong>gamba</strong></span> <span class='ocrx_word' id='word_1_162' title='bbox 1450 2603 1506 2662; x_wconf 87' lang='lat' dir='ltr'><strong>per</strong></span> 
     </span>
     <span class='ocr_line' id='line_1_18' title="bbox 182 2673 1506 2760; baseline 0.011 -30"><span class='ocrx_word' id='word_1_163' title='bbox 182 2691 268 2731; x_wconf 86' lang='lat' dir='ltr'><strong>mezo</strong></span> <span class='ocrx_word' id='word_1_164' title='bbox 290 2673 326 2734; x_wconf 90' lang='lat' dir='ltr'><strong>de</strong></span> <span class='ocrx_word' id='word_1_165' title='bbox 347 2675 378 2734; x_wconf 90' lang='lat' dir='ltr'><strong>la</strong></span> <span class='ocrx_word' id='word_1_166' title='bbox 397 2677 543 2748; x_wconf 77' lang='lat' dir='ltr'><strong>arealem,</strong></span> <span class='ocrx_word' id='word_1_167' title='bbox 570 2675 671 2752; x_wconf 88' lang='lat' dir='ltr'><strong>quella</strong></span> <span class='ocrx_word' id='word_1_168' title='bbox 696 2677 725 2734; x_wconf 91' lang='lat' dir='ltr'><strong>di</strong></span> <span class='ocrx_word' id='word_1_169' title='bbox 752 2696 836 2734; x_wconf 85' lang='lat' dir='ltr'><strong>mezo</strong></span> <span class='ocrx_word' id='word_1_170' title='bbox 863 2677 1006 2760; x_wconf 86' lang='lat' dir='ltr'><strong>alquanto</strong></span> <span class='ocrx_word' id='word_1_171' title='bbox 1030 2677 1084 2755; x_wconf 92' lang='lat' dir='ltr'><strong>piu</strong></span> <span class='ocrx_word' id='word_1_172' title='bbox 1109 2677 1201 2738; x_wconf 89' lang='lat' dir='ltr'><strong>basaa</strong></span> <span class='ocrx_word' id='word_1_173' title='bbox 1228 2697 1342 2741; x_wconf 90' lang='lat' dir='ltr'><strong>comme</strong></span> <span class='ocrx_word' id='word_1_174' title='bbox 1364 2683 1433 2743; x_wconf 91' lang='lat' dir='ltr'><strong>aedi</strong></span> <span class='ocrx_word' id='word_1_175' title='bbox 1454 2686 1506 2760; x_wconf 90' lang='lat' dir='ltr'><strong>qni</strong></span> 
     </span>
     <span class='ocr_line' id='line_1_19' title="bbox 181 2775 584 2855; baseline 0.01 -24"><span class='ocrx_word' id='word_1_176' title='bbox 181 2791 236 2849; x_wconf 90' lang='lat' dir='ltr'><strong>per</strong></span> <span class='ocrx_word' id='word_1_177' title='bbox 256 2775 279 2833; x_wconf 94' lang='lat' dir='ltr'><strong>li</strong></span> <span class='ocrx_word' id='word_1_178' title='bbox 300 2775 436 2836; x_wconf 87' lang='lat' dir='ltr'><strong>diametri</strong></span> <span class='ocrx_word' id='word_1_179' title='bbox 458 2777 584 2855; x_wconf 84' lang='lat' dir='ltr'><strong>segnati.</strong></span> 
     </span>
    </p>
   </div>
   <div class='ocr_carea' id='block_1_5' title="bbox 307 3146 329 3206">
    <p class='ocr_par' dir='ltr' id='par_1_5' title="bbox 307 3146 329 3206">
     <span class='ocr_line' id='line_1_20' title="bbox 307 3146 329 3206; baseline 0 0"><span class='ocrx_word' id='word_1_180' title='bbox 307 3146 329 3206; x_wconf 85' lang='lat' dir='ltr'>B</span> 
     </span>
    </p>
   </div>
   <div class='ocr_carea' id='block_1_6' title="bbox 184 3300 1507 3690">
    <p class='ocr_par' dir='ltr' id='par_1_6' title="bbox 184 3300 1507 3690">
     <span class='ocr_line' id='line_1_21' title="bbox 266 3300 1506 3390; baseline 0.01 -30"><span class='ocrx_word' id='word_1_181' title='bbox 266 3300 384 3376; x_wconf 84' lang='lat' dir='ltr'><strong>Questa</strong></span> <span class='ocrx_word' id='word_1_182' title='bbox 402 3303 497 3364; x_wconf 83' lang='lat' dir='ltr'><strong>letare</strong></span> <span class='ocrx_word' id='word_1_183' title='bbox 512 3303 565 3364; x_wconf 89' lang='lat' dir='ltr'><strong>.B.</strong></span> <span class='ocrx_word' id='word_1_184' title='bbox 582 3306 610 3365; x_wconf 88' lang='lat' dir='ltr'><strong>ei</strong></span> <span class='ocrx_word' id='word_1_185' title='bbox 631 3322 776 3380; x_wconf 91' lang='lat' dir='ltr'><strong>compone</strong></span> <span class='ocrx_word' id='word_1_186' title='bbox 798 3303 834 3362; x_wconf 88' lang='lat' dir='ltr'><strong>de</strong></span> <span class='ocrx_word' id='word_1_187' title='bbox 857 3301 906 3362; x_wconf 92' lang='lat' dir='ltr'><strong>doi</strong></span> <span class='ocrx_word' id='word_1_188' title='bbox 928 3303 1010 3362; x_wconf 91' lang='lat' dir='ltr'><strong>tondi</strong></span> <span class='ocrx_word' id='word_1_189' title='bbox 1032 3323 1050 3362; x_wconf 89' lang='lat' dir='ltr'><strong>a</strong></span> <span class='ocrx_word' id='word_1_190' title='bbox 1069 3305 1170 3381; x_wconf 90' lang='lat' dir='ltr'><strong>quello</strong></span> <span class='ocrx_word' id='word_1_191' title='bbox 1191 3306 1229 3366; x_wconf 87' lang='lat' dir='ltr'><strong>de</strong></span> <span class='ocrx_word' id='word_1_192' title='bbox 1243 3314 1323 3366; x_wconf 87' lang='lat' dir='ltr'><strong>sotto</strong></span> <span class='ocrx_word' id='word_1_193' title='bbox 1345 3311 1390 3369; x_wconf 89' lang='lat' dir='ltr'><strong>sie</strong></span> <span class='ocrx_word' id='word_1_194' title='bbox 1408 3311 1439 3371; x_wconf 95' lang='lat' dir='ltr'><strong>lo</strong></span> <span class='ocrx_word' id='word_1_195' title='bbox 1453 3315 1506 3390; x_wconf 90' lang='lat' dir='ltr'><strong>pin</strong></span> 
     </span>
     <span class='ocr_line' id='line_1_22' title="bbox 184 3402 1507 3484; baseline 0.011 -26"><span class='ocrx_word' id='word_1_196' title='bbox 184 3402 299 3478; x_wconf 87' lang='lat' dir='ltr'><strong>grando</strong></span> <span class='ocrx_word' id='word_1_197' title='bbox 321 3404 358 3462; x_wconf 89' lang='lat' dir='ltr'><strong>de</strong></span> <span class='ocrx_word' id='word_1_198' title='bbox 379 3403 401 3462; x_wconf 94' lang='lat' dir='ltr'><strong>li</strong></span> <span class='ocrx_word' id='word_1_199' title='bbox 422 3423 501 3465; x_wconf 90' lang='lat' dir='ltr'><strong>noue</strong></span> <span class='ocrx_word' id='word_1_200' title='bbox 521 3406 600 3484; x_wconf 86' lang='lat' dir='ltr'><strong>parti</strong></span> <span class='ocrx_word' id='word_1_201' title='bbox 620 3406 700 3477; x_wconf 87' lang='lat' dir='ltr'><strong>luna,</strong></span> <span class='ocrx_word' id='word_1_202' title='bbox 722 3404 786 3464; x_wconf 90' lang='lat' dir='ltr'><strong>cioe</strong></span> <span class='ocrx_word' id='word_1_203' title='bbox 801 3405 851 3464; x_wconf 87' lang='lat' dir='ltr'><strong>nol</strong></span> <span class='ocrx_word' id='word_1_204' title='bbox 865 3421 948 3463; x_wconf 88' lang='lat' dir='ltr'><strong>esser</strong></span> <span class='ocrx_word' id='word_1_205' title='bbox 969 3404 1112 3482; x_wconf 89' lang='lat' dir='ltr'><strong>licinque</strong></span> <span class='ocrx_word' id='word_1_206' title='bbox 1132 3408 1205 3466; x_wconf 91' lang='lat' dir='ltr'><strong>noni</strong></span> <span class='ocrx_word' id='word_1_207' title='bbox 1225 3408 1263 3467; x_wconf 87' lang='lat' dir='ltr'><strong>de</strong></span> <span class='ocrx_word' id='word_1_208' title='bbox 1284 3408 1314 3468; x_wconf 91' lang='lat' dir='ltr'><strong>la</strong></span> <span class='ocrx_word' id='word_1_209' title='bbox 1334 3428 1390 3469; x_wconf 88' lang='lat' dir='ltr'><strong>sua</strong></span> <span class='ocrx_word' id='word_1_210' title='bbox 1410 3413 1507 3474; x_wconf 78' lang='lat' dir='ltr'><strong>altera</strong></span> 
     </span>
     <span class='ocr_line' id='line_1_23' title="bbox 184 3502 1506 3583; baseline 0.012 -24"><span class='ocrx_word' id='word_1_211' title='bbox 184 3520 239 3579; x_wconf 90' lang='lat' dir='ltr'><strong>per</strong></span> <span class='ocrx_word' id='word_1_212' title='bbox 260 3502 413 3563; x_wconf 83' lang='lat' dir='ltr'><strong>diametro.</strong></span> <span class='ocrx_word' id='word_1_213' title='bbox 457 3506 484 3564; x_wconf 81' lang='lat' dir='ltr'><strong>E</strong></span> <span class='ocrx_word' id='word_1_214' title='bbox 505 3509 607 3582; x_wconf 89' lang='lat' dir='ltr'><strong>quella</strong></span> <span class='ocrx_word' id='word_1_215' title='bbox 631 3507 668 3566; x_wconf 88' lang='lat' dir='ltr'><strong>de</strong></span> <span class='ocrx_word' id='word_1_216' title='bbox 690 3523 781 3583; x_wconf 88' lang='lat' dir='ltr'><strong>sopra</strong></span> <span class='ocrx_word' id='word_1_217' title='bbox 802 3504 852 3564; x_wconf 92' lang='lat' dir='ltr'><strong>uol</strong></span> <span class='ocrx_word' id='word_1_218' title='bbox 873 3521 957 3563; x_wconf 85' lang='lat' dir='ltr'><strong>esser</strong></span> <span class='ocrx_word' id='word_1_219' title='bbox 977 3504 999 3563; x_wconf 93' lang='lat' dir='ltr'><strong>li</strong></span> <span class='ocrx_word' id='word_1_220' title='bbox 1020 3515 1128 3580; x_wconf 90' lang='lat' dir='ltr'><strong>quatro</strong></span> <span class='ocrx_word' id='word_1_221' title='bbox 1148 3508 1222 3567; x_wconf 89' lang='lat' dir='ltr'><strong>noni</strong></span> <span class='ocrx_word' id='word_1_222' title='bbox 1242 3509 1506 3576; x_wconf 88' lang='lat' dir='ltr'><strong>medeaimamente</strong></span> 
     </span>
     <span class='ocr_line' id='line_1_24' title="bbox 185 3603 1506 3690; baseline 0.012 -30"><span class='ocrx_word' id='word_1_223' title='bbox 185 3620 240 3678; x_wconf 88' lang='lat' dir='ltr'><strong>per</strong></span> <span class='ocrx_word' id='word_1_224' title='bbox 253 3603 398 3665; x_wconf 86' lang='lat' dir='ltr'><strong>diametro</strong></span> <span class='ocrx_word' id='word_1_225' title='bbox 413 3624 528 3667; x_wconf 91' lang='lat' dir='ltr'><strong>comme</strong></span> <span class='ocrx_word' id='word_1_226' title='bbox 542 3609 594 3684; x_wconf 88' lang='lat' dir='ltr'><strong>qui</strong></span> <span class='ocrx_word' id='word_1_227' title='bbox 612 3608 742 3685; x_wconf 86' lang='lat' dir='ltr'><strong>desopra</strong></span> <span class='ocrx_word' id='word_1_228' title='bbox 755 3606 1081 3684; x_wconf 88' lang='lat' dir='ltr'><strong>proportionatamente</strong></span> <span class='ocrx_word' id='word_1_229' title='bbox 1093 3607 1175 3684; x_wconf 88' lang='lat' dir='ltr'><strong>negli</strong></span> <span class='ocrx_word' id='word_1_230' title='bbox 1189 3609 1256 3668; x_wconf 91' lang='lat' dir='ltr'><strong>ochi</strong></span> <span class='ocrx_word' id='word_1_231' title='bbox 1270 3619 1300 3669; x_wconf 86' lang='lat' dir='ltr'><strong>te</strong></span> <span class='ocrx_word' id='word_1_232' title='bbox 1313 3611 1346 3670; x_wconf 84' lang='lat' dir='ltr'><strong>ia</strong></span> <span class='ocrx_word' id='word_1_233' title='bbox 1358 3625 1506 3690; x_wconf 89' lang='lat' dir='ltr'><strong>presente.</strong></span> 
     </span>
    </p>
   </div>
   <div class='ocr_carea' id='block_1_7' title="bbox 309 3774 338 3834">
    <p class='ocr_par' dir='ltr' id='par_1_7' title="bbox 309 3774 338 3834">
     <span class='ocr_line' id='line_1_25' title="bbox 309 3774 338 3834; baseline 0 0"><span class='ocrx_word' id='word_1_234' title='bbox 309 3774 338 3834; x_wconf 89' lang='lat' dir='ltr'>C</span> 
     </span>
    </p>
   </div>
   <div class='ocr_carea' id='block_1_8' title="bbox 184 3929 1508 4119">
    <p class='ocr_par' dir='ltr' id='par_1_8' title="bbox 184 3929 1508 4119">
     <span class='ocr_line' id='line_1_26' title="bbox 268 3929 1507 4014; baseline 0.008 -25"><span class='ocrx_word' id='word_1_235' title='bbox 268 3929 384 4006; x_wconf 82' lang='lat' dir='ltr'><strong>Questa</strong></span> <span class='ocrx_word' id='word_1_236' title='bbox 407 3932 514 3992; x_wconf 87' lang='lat' dir='ltr'><strong>lettera</strong></span> <span class='ocrx_word' id='word_1_237' title='bbox 534 3931 592 3992; x_wconf 83' lang='lat'><strong>.0.</strong></span> <span class='ocrx_word' id='word_1_238' title='bbox 619 3950 653 3992; x_wconf 90' lang='lat' dir='ltr'><strong>se</strong></span> <span class='ocrx_word' id='word_1_239' title='bbox 678 3951 752 3992; x_wconf 85' lang='lat' dir='ltr'><strong>cana</strong></span> <span class='ocrx_word' id='word_1_240' title='bbox 778 3932 827 3991; x_wconf 88' lang='lat' dir='ltr'><strong>del</strong></span> <span class='ocrx_word' id='word_1_241' title='bbox 852 3931 944 3990; x_wconf 85' lang='lat' dir='ltr'><strong>tonde</strong></span> <span class='ocrx_word' id='word_1_242' title='bbox 970 3951 988 3991; x_wconf 90' lang='lat' dir='ltr'><strong>e</strong></span> <span class='ocrx_word' id='word_1_243' title='bbox 1010 3931 1059 3993; x_wconf 88' lang='lat' dir='ltr'><strong>del</strong></span> <span class='ocrx_word' id='word_1_244' title='bbox 1085 3949 1140 3991; x_wconf 90' lang='lat' dir='ltr'><strong>suo</strong></span> <span class='ocrx_word' id='word_1_245' title='bbox 1168 3933 1282 4010; x_wconf 85' lang='lat' dir='ltr'><strong>quadro</strong></span> <span class='ocrx_word' id='word_1_246' title='bbox 1306 3937 1507 4014; x_wconf 87' lang='lat' dir='ltr'><strong>ingrossando</strong></span> 
     </span>
     <span class='ocr_line' id='line_1_27' title="bbox 184 4031 1508 4119; baseline 0.009 -30"><span class='ocrx_word' id='word_1_247' title='bbox 184 4031 216 4090; x_wconf 88' lang='lat' dir='ltr'><strong>la</strong></span> <span class='ocrx_word' id='word_1_248' title='bbox 233 4038 341 4108; x_wconf 84' lang='lat' dir='ltr'><strong>quarta</strong></span> <span class='ocrx_word' id='word_1_249' title='bbox 353 4041 438 4111; x_wconf 87' lang='lat' dir='ltr'><strong>parte</strong></span> <span class='ocrx_word' id='word_1_250' title='bbox 459 4033 496 4092; x_wconf 92' lang='lat' dir='ltr'><strong>de</strong></span> <span class='ocrx_word' id='word_1_251' title='bbox 510 4035 575 4093; x_wconf 85' lang='lat' dir='ltr'><strong>fore</strong></span> <span class='ocrx_word' id='word_1_252' title='bbox 595 4051 738 4092; x_wconf 87' lang='lat' dir='ltr'><strong>eancora</strong></span> <span class='ocrx_word' id='word_1_253' title='bbox 759 4032 796 4090; x_wconf 91' lang='lat' dir='ltr'><strong>de</strong></span> <span class='ocrx_word' id='word_1_254' title='bbox 816 4033 931 4092; x_wconf 89' lang='lat' dir='ltr'><strong>dentre.</strong></span> <span class='ocrx_word' id='word_1_255' title='bbox 963 4032 1012 4091; x_wconf 81' lang='lat' dir='ltr'><strong>Le</strong></span> <span class='ocrx_word' id='word_1_256' title='bbox 1025 4041 1104 4093; x_wconf 82' lang='lat' dir='ltr'><strong>testa</strong></span> <span class='ocrx_word' id='word_1_257' title='bbox 1124 4033 1161 4094; x_wconf 91' lang='lat' dir='ltr'><strong>de</strong></span> <span class='ocrx_word' id='word_1_258' title='bbox 1181 4052 1272 4112; x_wconf 90' lang='lat' dir='ltr'><strong>sopra</strong></span> <span class='ocrx_word' id='word_1_259' title='bbox 1291 4037 1396 4098; x_wconf 89' lang='lat' dir='ltr'><strong>linesci</strong></span> <span class='ocrx_word' id='word_1_260' title='bbox 1417 4056 1508 4119; x_wconf 90' lang='lat' dir='ltr'><strong>sopra</strong></span> 
     </span>
    </p>
   </div>
   <div class='ocr_carea' id='block_1_9' title="bbox 185 4237 1508 4765">
    <p class='ocr_par' dir='ltr' id='par_1_9' title="bbox 185 4237 1508 4765">
     <span class='ocr_line' id='line_1_28' title="bbox 265 4237 1507 4314; baseline 0.007 -22"><span class='ocrx_word' id='word_1_261' title='bbox 265 4237 288 4302; x_wconf 91' lang='lat'><strong>¹)</strong></span> <span class='ocrx_word' id='word_1_262' title='bbox 307 4240 433 4294; x_wconf 75' lang='lat' dir='ltr'><strong>Felieisni</strong></span> <span class='ocrx_word' id='word_1_263' title='bbox 451 4243 531 4295; x_wconf 87' lang='lat' dir='ltr'><strong>rerba</strong></span> <span class='ocrx_word' id='word_1_264' title='bbox 553 4258 587 4294; x_wconf 87' lang='lat' dir='ltr'><strong>ex</strong></span> <span class='ocrx_word' id='word_1_265' title='bbox 605 4243 694 4296; x_wconf 83' lang='lat' dir='ltr'><strong>Rnhlii</strong></span> <span class='ocrx_word' id='word_1_266' title='bbox 713 4243 877 4309; x_wconf 88' lang='lat' dir='ltr'><strong>apographo,</strong></span> <span class='ocrx_word' id='word_1_267' title='bbox 901 4243 988 4293; x_wconf 86' lang='lat' dir='ltr'><strong>Lucae</strong></span> <span class='ocrx_word' id='word_1_268' title='bbox 1006 4242 1124 4294; x_wconf 86' lang='lat' dir='ltr'><strong>Paciuoli</strong></span> <span class='ocrx_word' id='word_1_269' title='bbox 1146 4258 1180 4294; x_wconf 86' lang='lat' dir='ltr'><strong>ex</strong></span> <span class='ocrx_word' id='word_1_270' title='bbox 1206 4247 1325 4312; x_wconf 89' lang='lat' dir='ltr'><strong>exemplo</strong></span> <span class='ocrx_word' id='word_1_271' title='bbox 1350 4248 1421 4314; x_wconf 89' lang='lat' dir='ltr'><strong>quod</strong></span> <span class='ocrx_word' id='word_1_272' title='bbox 1443 4252 1507 4302; x_wconf 86' lang='lat' dir='ltr'><strong>ami·</strong></span> 
     </span>
     <span class='ocr_line' id='line_1_29' title="bbox 185 4332 1508 4398; baseline 0.006 -17"><span class='ocrx_word' id='word_1_273' title='bbox 185 4332 302 4382; x_wconf 85' lang='lat' dir='ltr'><strong>cisslmua</strong></span> <span class='ocrx_word' id='word_1_274' title='bbox 320 4333 384 4383; x_wconf 91' lang='lat' dir='ltr'><strong>mihi</strong></span> <span class='ocrx_word' id='word_1_275' title='bbox 403 4333 441 4384; x_wconf 86' lang='grc' dir='ltr'><strong>Μ.</strong></span> <span class='ocrx_word' id='word_1_276' title='bbox 459 4335 591 4386; x_wconf 73' lang='lat' dir='ltr'><strong>dardanus</strong></span> <span class='ocrx_word' id='word_1_277' title='bbox 610 4335 792 4396; x_wconf 83' lang='lat' dir='ltr'><strong>commodavit,</strong></span> <span class='ocrx_word' id='word_1_278' title='bbox 813 4340 931 4384; x_wconf 87' lang='lat' dir='ltr'><strong>accurata</strong></span> <span class='ocrx_word' id='word_1_279' title='bbox 950 4334 1119 4396; x_wconf 87' lang='lat' dir='ltr'><strong>exprimenda</strong></span> <span class='ocrx_word' id='word_1_280' title='bbox 1136 4337 1232 4398; x_wconf 85' lang='lat' dir='ltr'><strong>curari,</strong></span> <span class='ocrx_word' id='word_1_281' title='bbox 1257 4338 1295 4387; x_wconf 89' lang='lat' dir='ltr'><strong>ita</strong></span> <span class='ocrx_word' id='word_1_282' title='bbox 1312 4344 1398 4388; x_wconf 83' lang='lat' dir='ltr'><strong>tamen</strong></span> <span class='ocrx_word' id='word_1_283' title='bbox 1416 4345 1445 4388; x_wconf 89' lang='lat' dir='ltr'><strong>ut</strong></span> <span class='ocrx_word' id='word_1_284' title='bbox 1464 4354 1508 4390; x_wconf 88' lang='lat' dir='ltr'><strong>ne·</strong></span> 
     </span>
     <span class='ocr_line' id='line_1_30' title="bbox 187 4424 1507 4491; baseline 0.005 -18"><span class='ocrx_word' id='word_1_285' title='bbox 187 4437 236 4488; x_wconf 85' lang='lat' dir='ltr'><strong>que</strong></span> <span class='ocrx_word' id='word_1_286' title='bbox 253 4437 337 4474; x_wconf 86' lang='lat' dir='ltr'><strong>nexus</strong></span> <span class='ocrx_word' id='word_1_287' title='bbox 355 4425 497 4476; x_wconf 87' lang='lat' dir='ltr'><strong>litterarum</strong></span> <span class='ocrx_word' id='word_1_288' title='bbox 515 4440 599 4491; x_wconf 89' lang='lat' dir='ltr'><strong>neque</strong></span> <span class='ocrx_word' id='word_1_289' title='bbox 616 4432 714 4477; x_wconf 86' lang='lat' dir='ltr'><strong>ceteras</strong></span> <span class='ocrx_word' id='word_1_290' title='bbox 733 4431 809 4476; x_wconf 69' lang='lat' dir='ltr'><strong>noma</strong></span> <span class='ocrx_word' id='word_1_291' title='bbox 827 4439 935 4490; x_wconf 82' lang='lat' dir='ltr'><strong>quarum</strong></span> <span class='ocrx_word' id='word_1_292' title='bbox 954 4424 1059 4488; x_wconf 90' lang='lat' dir='ltr'><strong>quidem</strong></span> <span class='ocrx_word' id='word_1_293' title='bbox 1081 4425 1220 4490; x_wconf 86' lang='lat' dir='ltr'><strong>explicatio</strong></span> <span class='ocrx_word' id='word_1_294' title='bbox 1243 4433 1312 4476; x_wconf 85' lang='lat' dir='ltr'><strong>certa</strong></span> <span class='ocrx_word' id='word_1_295' title='bbox 1330 4433 1397 4477; x_wconf 85' lang='lat' dir='ltr'><strong>esset</strong></span> <span class='ocrx_word' id='word_1_296' title='bbox 1414 4428 1507 4479; x_wconf 88' lang='lat' dir='ltr'><strong>retine-</strong></span> 
     </span>
     <span class='ocr_line' id='line_1_31' title="bbox 185 4515 1507 4582; baseline 0.003 -17"><span class='ocrx_word' id='word_1_297' title='bbox 185 4528 253 4577; x_wconf 88' lang='lat' dir='ltr'><strong>rsm;</strong></span> <span class='ocrx_word' id='word_1_298' title='bbox 278 4516 342 4565; x_wconf 87' lang='lat' dir='ltr'><strong>item</strong></span> <span class='ocrx_word' id='word_1_299' title='bbox 359 4530 393 4566; x_wconf 89' lang='lat' dir='ltr'><strong>ne</strong></span> <span class='ocrx_word' id='word_1_300' title='bbox 411 4517 515 4582; x_wconf 85' lang='lat' dir='ltr'><strong>legendi</strong></span> <span class='ocrx_word' id='word_1_301' title='bbox 533 4516 712 4566; x_wconf 82' lang='lat' dir='ltr'><strong>difficultatem</strong></span> <span class='ocrx_word' id='word_1_302' title='bbox 731 4516 786 4566; x_wconf 88' lang='lat' dir='ltr'><strong>aine</strong></span> <span class='ocrx_word' id='word_1_303' title='bbox 805 4515 915 4564; x_wconf 84' lang='lat' dir='ltr'><strong>utilitate</strong></span> <span class='ocrx_word' id='word_1_304' title='bbox 934 4528 1066 4578; x_wconf 82' lang='lat' dir='ltr'><strong>augerem,</strong></span> <span class='ocrx_word' id='word_1_305' title='bbox 1091 4515 1171 4564; x_wconf 86' lang='lat' dir='ltr'><strong>verba</strong></span> <span class='ocrx_word' id='word_1_306' title='bbox 1187 4515 1243 4565; x_wconf 79' lang='lat' dir='ltr'><strong>fere</strong></span> <span class='ocrx_word' id='word_1_307' title='bbox 1261 4516 1295 4564; x_wconf 84' lang='lat' dir='ltr'><strong>ad</strong></span> <span class='ocrx_word' id='word_1_308' title='bbox 1313 4521 1428 4566; x_wconf 87' lang='lat' dir='ltr'><strong>nostram</strong></span> <span class='ocrx_word' id='word_1_309' title='bbox 1446 4532 1507 4569; x_wconf 89' lang='lat' dir='ltr'><strong>con·</strong></span> 
     </span>
     <span class='ocr_line' id='line_1_32' title="bbox 185 4604 1508 4670; baseline 0.003 -14"><span class='ocrx_word' id='word_1_310' title='bbox 185 4607 346 4657; x_wconf 82' lang='lat' dir='ltr'><strong>suetudinem</strong></span> <span class='ocrx_word' id='word_1_311' title='bbox 365 4607 480 4658; x_wconf 84' lang='lat' dir='ltr'><strong>distinxi.</strong></span> <span class='ocrx_word' id='word_1_312' title='bbox 518 4607 638 4658; x_wconf 81' lang='lat' dir='ltr'><strong>Ceterum</strong></span> <span class='ocrx_word' id='word_1_313' title='bbox 656 4607 685 4656; x_wconf 87' lang='lat' dir='ltr'><strong>ln</strong></span> <span class='ocrx_word' id='word_1_314' title='bbox 703 4605 814 4656; x_wconf 83' lang='lat' dir='ltr'><strong>Jordanl</strong></span> <span class='ocrx_word' id='word_1_315' title='bbox 836 4605 955 4670; x_wconf 90' lang='lat' dir='ltr'><strong>exemplo</strong></span> <span class='ocrx_word' id='word_1_316' title='bbox 974 4605 1059 4669; x_wconf 86' lang='lat' dir='ltr'><strong>operis</strong></span> <span class='ocrx_word' id='word_1_317' title='bbox 1077 4604 1195 4656; x_wconf 87' lang='lat' dir='ltr'><strong>Paciuoli</strong></span> <span class='ocrx_word' id='word_1_318' title='bbox 1213 4605 1391 4655; x_wconf 87' lang='lat' dir='ltr'><strong>desiderantur</strong></span> <span class='ocrx_word' id='word_1_319' title='bbox 1406 4606 1508 4660; x_wconf 80' lang='lat' dir='ltr'><strong>litterae</strong></span> 
     </span>
     <span class='ocr_line' id='line_1_33' title="bbox 185 4694 1508 4765; baseline 0.002 -17"><span class='ocrx_word' id='word_1_320' title='bbox 185 4711 252 4762; x_wconf 83' lang='lat' dir='ltr'><strong>qnae</strong></span> <span class='ocrx_word' id='word_1_321' title='bbox 271 4704 331 4748; x_wconf 87' lang='lat' dir='ltr'><strong>snut</strong></span> <span class='ocrx_word' id='word_1_322' title='bbox 348 4711 365 4753; x_wconf 90' lang='lat'><strong>1.</strong></span> <span class='ocrx_word' id='word_1_323' title='bbox 384 4705 411 4749; x_wconf 88' lang='lat' dir='ltr'><strong>et</strong></span> <span class='ocrx_word' id='word_1_324' title='bbox 430 4712 460 4762; x_wconf 89' lang='lat' dir='ltr'><strong>z;</strong></span> <span class='ocrx_word' id='word_1_325' title='bbox 485 4713 550 4765; x_wconf 86' lang='lat' dir='ltr'><strong>qnae</strong></span> <span class='ocrx_word' id='word_1_326' title='bbox 568 4712 601 4748; x_wconf 89' lang='lat' dir='ltr'><strong>na</strong></span> <span class='ocrx_word' id='word_1_327' title='bbox 624 4696 667 4746; x_wconf 90' lang='lat' dir='ltr'><strong>hie</strong></span> <span class='ocrx_word' id='word_1_328' title='bbox 686 4709 788 4761; x_wconf 90' lang='lat' dir='ltr'><strong>quoque</strong></span> <span class='ocrx_word' id='word_1_329' title='bbox 807 4695 1027 4757; x_wconf 85' lang='lat' dir='ltr'><strong>desiderarentur,</strong></span> <span class='ocrx_word' id='word_1_330' title='bbox 1051 4694 1131 4746; x_wconf 80' lang='lat' dir='ltr'><strong>irater</strong></span> <span class='ocrx_word' id='word_1_331' title='bbox 1153 4708 1226 4745; x_wconf 88' lang='lat' dir='ltr'><strong>maus</strong></span> <span class='ocrx_word' id='word_1_332' title='bbox 1242 4695 1412 4747; x_wconf 81' lang='lat' dir='ltr'><strong>bibliothecas</strong></span> <span class='ocrx_word' id='word_1_333' title='bbox 1429 4696 1508 4750; x_wconf 88' lang='lat' dir='ltr'><strong>Urbis</strong></span> 
     </span>
    </p>
   </div>
   <div class='ocr_carea' id='block_1_10' title="bbox 185 4793 1508 4963">
    <p class='ocr_par' dir='ltr' id='par_1_10' title="bbox 185 4793 1508 4963">
     <span class='ocr_line' id='line_1_34' title="bbox 185 4793 1508 4862; baseline 0 -14"><span class='ocrx_word' id='word_1_334' title='bbox 185 4804 358 4862; x_wconf 85' lang='lat' dir='ltr'><strong>perscrutatus</strong></span> <span class='ocrx_word' id='word_1_335' title='bbox 383 4805 430 4850; x_wconf 89' lang='lat' dir='ltr'><strong>eat.</strong></span> <span class='ocrx_word' id='word_1_336' title='bbox 469 4799 501 4849; x_wconf 92' lang='lat' dir='ltr'><strong>In</strong></span> <span class='ocrx_word' id='word_1_337' title='bbox 526 4798 602 4848; x_wconf 90' lang='lat' dir='ltr'><strong>unico</strong></span> <span class='ocrx_word' id='word_1_338' title='bbox 625 4803 712 4846; x_wconf 88' lang='lat' dir='ltr'><strong>antam</strong></span> <span class='ocrx_word' id='word_1_339' title='bbox 736 4797 806 4861; x_wconf 87' lang='lat' dir='ltr'><strong>quod</strong></span> <span class='ocrx_word' id='word_1_340' title='bbox 829 4796 942 4861; x_wconf 88' lang='lat' dir='ltr'><strong>repperit</strong></span> <span class='ocrx_word' id='word_1_341' title='bbox 964 4795 1083 4860; x_wconf 84' lang='lat' dir='ltr'><strong>exemplo</strong></span> <span class='ocrx_word' id='word_1_342' title='bbox 1106 4793 1276 4845; x_wconf 86' lang='lat' dir='ltr'><strong>bibliothecae</strong></span> <span class='ocrx_word' id='word_1_343' title='bbox 1300 4795 1468 4848; x_wconf 83' lang='lat' dir='ltr'><strong>Corslnlanas</strong></span> <span class='ocrx_word' id='word_1_344' title='bbox 1491 4812 1508 4855; x_wconf 92' lang='lat' dir='ltr'><strong>z</strong></span> 
     </span>
     <span class='ocr_line' id='line_1_35' title="bbox 186 4894 1508 4963; baseline 0.001 -14"><span class='ocrx_word' id='word_1_345' title='bbox 186 4898 274 4949; x_wconf 85' lang='lat' dir='ltr'><strong>littera</strong></span> <span class='ocrx_word' id='word_1_346' title='bbox 290 4913 343 4949; x_wconf 91' lang='lat' dir='ltr'><strong>non</strong></span> <span class='ocrx_word' id='word_1_347' title='bbox 355 4899 440 4949; x_wconf 88' lang='lat' dir='ltr'><strong>minus</strong></span> <span class='ocrx_word' id='word_1_348' title='bbox 458 4912 534 4963; x_wconf 86' lang='lat' dir='ltr'><strong>qnam</strong></span> <span class='ocrx_word' id='word_1_349' title='bbox 553 4899 581 4948; x_wconf 92' lang='lat' dir='ltr'><strong>ln</strong></span> <span class='ocrx_word' id='word_1_350' title='bbox 593 4896 738 4948; x_wconf 84' lang='lat' dir='ltr'><strong>Jordauian</strong></span> <span class='ocrx_word' id='word_1_351' title='bbox 751 4894 899 4946; x_wconf 88' lang='lat' dir='ltr'><strong>cintercidit</strong></span> <span class='ocrx_word' id='word_1_352' title='bbox 910 4895 1019 4960; x_wconf 88' lang='lat' dir='ltr'><strong>ideoque</strong></span> <span class='ocrx_word' id='word_1_353' title='bbox 1031 4895 1098 4945; x_wconf 89' lang='lat' dir='ltr'><strong>nihil</strong></span> <span class='ocrx_word' id='word_1_354' title='bbox 1110 4895 1160 4944; x_wconf 83' lang='lat' dir='ltr'><strong>nisi</strong></span> <span class='ocrx_word' id='word_1_355' title='bbox 1173 4907 1204 4944; x_wconf 86' lang='lat' dir='ltr'><strong>ea</strong></span> <span class='ocrx_word' id='word_1_356' title='bbox 1222 4908 1288 4960; x_wconf 88' lang='lat' dir='ltr'><strong>qnae</strong></span> <span class='ocrx_word' id='word_1_357' title='bbox 1306 4895 1341 4946; x_wconf 85' lang='lat' dir='ltr'><strong>ad</strong></span> <span class='ocrx_word' id='word_1_358' title='bbox 1359 4908 1376 4950; x_wconf 86' lang='lat'><strong>1.</strong></span> <span class='ocrx_word' id='word_1_359' title='bbox 1395 4897 1508 4950; x_wconf 81' lang='lat' dir='ltr'><strong>litteram</strong></span> 
     </span>
    </p>
   </div>
   <div class='ocr_carea' id='block_1_11' title="bbox 184 4993 1508 5248">
    <p class='ocr_par' dir='ltr' id='par_1_11' title="bbox 184 4993 1508 5248">
     <span class='ocr_line' id='line_1_36' title="bbox 185 4993 1508 5064; baseline -0.002 -13"><span class='ocrx_word' id='word_1_360' title='bbox 185 5001 323 5064; x_wconf 85' lang='lat' dir='ltr'><strong>pertinent,</strong></span> <span class='ocrx_word' id='word_1_361' title='bbox 336 4999 423 5050; x_wconf 81' lang='lat' dir='ltr'><strong>fratria</strong></span> <span class='ocrx_word' id='word_1_362' title='bbox 436 4997 561 5049; x_wconf 84' lang='lat' dir='ltr'><strong>beneflcio</strong></span> <span class='ocrx_word' id='word_1_363' title='bbox 575 4996 617 5047; x_wconf 94' lang='lat' dir='ltr'><strong>hic</strong></span> <span class='ocrx_word' id='word_1_364' title='bbox 629 4997 741 5047; x_wconf 85' lang='lat' dir='ltr'><strong>inserere</strong></span> <span class='ocrx_word' id='word_1_365' title='bbox 752 4995 834 5061; x_wconf 89' lang='lat' dir='ltr'><strong>potui.</strong></span> <span class='ocrx_word' id='word_1_366' title='bbox 848 5018 882 5029; x_wconf 94' lang='lat'><em>—</em></span> <span class='ocrx_word' id='word_1_367' title='bbox 901 4993 973 5056; x_wconf 87' lang='lat' dir='ltr'><strong>Quae</strong></span> <span class='ocrx_word' id='word_1_368' title='bbox 986 5001 1030 5044; x_wconf 87' lang='lat' dir='ltr'><strong>ant</strong></span> <span class='ocrx_word' id='word_1_369' title='bbox 1041 4993 1161 5045; x_wconf 84' lang='lat' dir='ltr'><strong>addenda</strong></span> <span class='ocrx_word' id='word_1_370' title='bbox 1172 5001 1217 5045; x_wconf 88' lang='lat' dir='ltr'><strong>aut</strong></span> <span class='ocrx_word' id='word_1_371' title='bbox 1229 4994 1380 5061; x_wconf 83' lang='lat' dir='ltr'><strong>corrigenda</strong></span> <span class='ocrx_word' id='word_1_372' title='bbox 1391 4996 1508 5049; x_wconf 84' lang='lat' dir='ltr'><strong>rideren-</strong></span> 
     </span>
     <span class='ocr_line' id='line_1_37' title="bbox 184 5084 1508 5156; baseline -0.002 -14"><span class='ocrx_word' id='word_1_373' title='bbox 184 5097 228 5142; x_wconf 88' lang='lat' dir='ltr'><strong>tnr</strong></span> <span class='ocrx_word' id='word_1_374' title='bbox 239 5090 341 5142; x_wconf 63' lang='lat' dir='ltr'><strong>aetatis</strong></span> <span class='ocrx_word' id='word_1_375' title='bbox 353 5091 433 5156; x_wconf 84' lang='lat' dir='ltr'><strong>signis</strong></span> <span class='ocrx_word' id='word_1_376' title='bbox 445 5089 567 5141; x_wconf 83' lang='lat' dir='ltr'><strong>indicavi.</strong></span> <span class='ocrx_word' id='word_1_377' title='bbox 592 5087 740 5140; x_wconf 82' lang='lat' dir='ltr'><strong>Nonnullae</strong></span> <span class='ocrx_word' id='word_1_378' title='bbox 746 5087 871 5138; x_wconf 86' lang='lat' dir='ltr'><strong>Feliciani</strong></span> <span class='ocrx_word' id='word_1_379' title='bbox 883 5084 964 5136; x_wconf 90' lang='lat' dir='ltr'><strong>libelli</strong></span> <span class='ocrx_word' id='word_1_380' title='bbox 975 5086 1047 5137; x_wconf 86' lang='lat' dir='ltr'><strong>locos</strong></span> <span class='ocrx_word' id='word_1_381' title='bbox 1059 5085 1206 5137; x_wconf 73' lang='lat' dir='ltr'><strong>felicissime</strong></span> <span class='ocrx_word' id='word_1_382' title='bbox 1218 5086 1508 5154; x_wconf 80' lang='lat' dir='ltr'><strong>emendavitAdolphns</strong></span> 
     </span>
     <span class='ocr_line' id='line_1_38' title="bbox 186 5177 994 5248; baseline -0.009 -16"><span class='ocrx_word' id='word_1_383' title='bbox 186 5181 292 5245; x_wconf 83' lang='lat' dir='ltr'><strong>Tobler,</strong></span> <span class='ocrx_word' id='word_1_384' title='bbox 312 5183 353 5232; x_wconf 91' lang='lat' dir='ltr'><strong>cul</strong></span> <span class='ocrx_word' id='word_1_385' title='bbox 371 5196 437 5248; x_wconf 87' lang='lat' dir='ltr'><strong>quae</strong></span> <span class='ocrx_word' id='word_1_386' title='bbox 455 5181 597 5231; x_wconf 87' lang='lat' dir='ltr'><strong>debeantur</strong></span> <span class='ocrx_word' id='word_1_387' title='bbox 614 5180 690 5231; x_wconf 85' lang='lat' dir='ltr'><strong>iacile</strong></span> <span class='ocrx_word' id='word_1_388' title='bbox 707 5178 815 5229; x_wconf 85' lang='lat' dir='ltr'><strong>lectores</strong></span> <span class='ocrx_word' id='word_1_389' title='bbox 833 5177 994 5242; x_wconf 86' lang='lat' dir='ltr'><strong>perspicient.</strong></span> 
     </span>
    </p>
   </div>
   <div class='ocr_carea' id='block_1_12' title="bbox 0 0 1870 5838">
    <p class='ocr_par' dir='ltr' id='par_1_12' title="bbox 0 0 1870 5838">
     <span class='ocr_line' id='line_1_39' title="bbox 0 0 1870 5838; baseline 0 0"><span class='ocrx_word' id='word_1_390' title='bbox 0 0 1870 5838; x_wconf 95' lang='lat' dir='ltr'><strong> </strong></span> 
     </span>
    </p>
   </div>
  </div>
 </body>
</html>
