3736 5822
349 514 394 584 18
872 525 1144 578 1666666661
1579 525 1672 577 aare

346 703 451 778 ceptis,
472 719 551 776 quae
573 698 715 774 aunt'Opr'
735 697 762 770 1,
780 696 848 767 146,
876 697 956 754 Tirri
977 697 1044 772 eph.
1061 697 1111 766 53,
1135 698 1205 752 ..616
1226 694 1253 764 Ι,
1271 695 1339 765 150,
1361 705 1504 771 perpetuo
1524 704 1673 754 notentur.

345 805 421 862 Tria
441 803 562 861 nomina
583 808 616 858 ut
636 801 667 857 in
689 799 865 858 mulieribus
887 814 1034 873 nusquam
1051 795 1252 866 offenduntur,
1273 796 1316 852 ita
1338 795 1368 853 in
1383 795 1457 854 viris
1474 813 1592 872 quoque
1606 815 1675 854 rara

345 913 414 964 sunt
436 913 466 961 et
485 903 547 961 iere
568 901 695 960 redeunt
715 899 753 956 ad
774 897 893 977 Oppios
916 898 1008 968 solos,
1031 915 1107 973 quos
1130 896 1294 954 Praeneste
1315 896 1470 971 probabile
1490 906 1544 968 est,
1567 897 1673 956 61116-

346 1025 413 1064 mae
435 1002 603 1072 Cornelios,
629 1009 743 1058 mature
764 1000 795 1057 in
818 1000 927 1074 stirpes
949 998 1142 1068 discessisse3
1170 997 1277 1054 horum
1299 995 1674 1068 66611,193.129.130.

349 1107 418 1164 131.
434 1105 501 1182 eph.
516 1102 566 1162 86.
603 1101 683 1159 Alibi
704 1117 763 1158 non
785 1099 975 1158 inveniuntur
997 1099 1053 1155 nisi
1076 1099 1106 1155 in
1126 1098 1222 1156 titulis
1244 1097 1267 1167 1,
1287 1096 1353 1156 110.
1371 1096 1439 1157 135.
1458 1098 1527 1170 156,
1549 1116 1674 1173 quorum

346 1208 395 1265 hic
416 1210 575 1279 corruptus
597 1210 656 1271 est3
677 1219 746 1258 nam
768 1199 840 1258 Aria
863 1199 929 1276 eph.
947 1200 984 1258 57
1008 1199 1081 1274 quid
1103 1199 1260 1277 significet,
1282 1199 1399 1274 ignoro.
1443 1198 1502 1257 ΤΗ.
1517 1199 1587 1274 Μ.]·

348 1341 501 1351 ...-———

348 1411 417 1471 ³4*
430 1411 457 1485 ¹)
479 1409 650 1467 Praeneste.
888 1422 926 1463 a·
942 1420 1013 1463 Ανιι

887 1546 978 1564 .....
1002 1519 1148 1564 orcrvrvs

349 1637 524 1696 Bonannius
547 1634 629 1691 Ball.
655 1631 735 1691 1870
756 1651 785 1707 p.
805 1631 872 1691 105.

388 1737 502 1796 Vereor
524 1755 561 1794 ne
583 1734 645 1792 sint
665 1735 725 1792 duo
747 1733 826 1791 tituli
848 1732 926 1790 male
948 1731 1107 1790 coniuncti.
1123 1763 1165 1776 -—
1188 1729 1234 1791 01.
1256 1731 1335 1789 infra
1355 1751 1384 1789 n.
1401 1731 1451 1791 88.

348 1942 393 2002 35
409 1943 439 2000 in
454 1943 521 2018 ipsa
535 1942 631 2017 pinea.
664 1940 829 1999 Praeneste
844 1939 874 1998 in
891 1939 977 1997 vinea
991 1938 1082 1998 Dom.
1098 1936 1236 1996 Gereoni.
1269 1936 1369 1996 Hodie
1383 1937 1463 2015 apud
1476 1937 1677 1997 Bonannium.

900 2091 916 2132 u
932 2103 939 2119 ·
954 2091 1023 2133 aver
1039 2103 1045 2118 ·
1061 2090 1076 2131 ι
1094 2103 1100 2116 ·
1117 2089 1132 2130 ι

349 2215 500 2290 Eetypum
527 2213 609 2270 misit
637 2211 798 2269 Henzenns
827 2219 983 2285 acceptum
1012 2229 1031 2266 a
1056 2209 1096 2266 D.
1123 2208 1282 2266 Bonannio
1309 2208 1461 2284 ediditque
1487 2208 1570 2266 Ball.
1599 2207 1677 2269 1866

349 2333 379 2388 p.
398 2314 465 2371 135.

352 2517 398 2578 36
426 2519 456 2575 16
483 2516 616 2592 margine
643 2515 784 2573 inferiore
812 2515 893 2572 basis
920 2514 1066 2572 rotundae
1087 2513 1202 2589 pineae.
1244 2513 1409 2573 Praeneste
1430 2515 1462 2573 in
1484 2516 1579 2575 fundo
1600 2516 1679 2574 dieto

393 2619 423 2676 ia
449 2616 625 2678 Colomdsllu
646 2634 708 2691 rep.
730 2634 769 2673 m.
794 2613 877 2690 Sept.
900 2614 1034 2673 61868.
1079 2614 1178 2673 Hodie
1201 2619 1232 2672 ui
1247 2621 1337 2691 prati.

973 2765 1062 2808 AVMA

352 2886 514 2945 Henzenus
536 2885 575 2944 ad
596 2895 734 2962 eetypum
757 2885 883 2943 missum
905 2903 924 2942 a
945 2883 985 2942 D.
1007 2883 1165 2944 Bonannio
1187 2886 1270 2945 Ball.
1297 2885 1375 2945 1869
1397 2905 1425 2962 p.
1445 2886 1513 2947 166.

354 3091 422 3150 37“
445 3094 476 3150 16
497 3091 564 3167 ipsa
584 3093 682 3167 pinea.
725 3091 890 3150 Praeneste
910 3091 942 3150 in
964 3093 1052 3149 vinea
1077 3090 1166 3149 Dom.
1190 3089 1327 3151 Ceeconi.

915 3242 1007 3285 avuta
1022 3256 1028 3272 ·
1045 3243 1120 3286 Μ

353 3361 438 3419 Misit
462 3359 624 3420 Henzenus
652 3369 790 3438 eetypum
818 3368 970 3438 acceptum
1000 3379 1017 3419 a
1042 3361 1082 3420 D.
1109 3361 1281 3434 Bonannio,
1309 3363 1347 3420 ad
1373 3363 1453 3439 quod
1479 3363 1573 3422 edidit
1598 3363 1679 3422 Beli.

357 3461 434 3520 1866
457 3482 486 3538 p.
506 3462 574 3521 134.

355 3665 452 3726 3816
476 3669 542 3726 basi
562 3667 690 3726 rotunda
711 3669 826 3742 pineae.
871 3668 946 3743 Rep.
970 3669 1133 3725 Praeneste
1156 3686 1174 3722 a
1196 3665 1365 3725 Galeassio.

952 3817 972 3856 v
987 3829 995 3842 ·
1010 3816 1088 3858 curer

396 3933 510 3992 Eadem
532 3933 649 3992 ridetur
669 3935 797 4008 repetita
817 3907 925 3991 litteris
947 3933 1148 4008 singularibus
1173 3933 1258 3992 haee:

978 4084 1020 4126 v·
1037 4081 1056 4126 C

356 4202 471 4262 Prioris
497 4200 575 4261 tituli
603 4209 740 4278 eetypum
762 4201 844 4260 misit
865 4201 1028 4261 Hennenua
1050 4213 1205 4279 acceptum
1228 4223 1246 4263 a
1268 4202 1434 4265 Oioerehia.
1476 4207 1580 4268 Edidit
1599 4210 1681 4270 Ball.

359 4303 440 4363 1864
460 4323 489 4380 p.
506 4302 555 4361 21.

398 4403 612 4478 [Praenomina
627 4403 757 4462 virorum
779 4412 899 4481 praeter
918 4413 1039 4481 recepta
1059 4405 1140 4480 apud
1154 4403 1308 4465 Romanos
1329 4407 1407 4466 tituli
1423 4407 1610 4470 Praenestini
1632 4411 1682 4470 de·

349 4504 464 4563 derunt
478 4503 575 4562 adhue
589 4503 676 4561 haee:
699 4503 739 4563 K.
760 4504 787 4576 1,
805 4503 872 4564 107.
888 4506 955 4582 eph.
968 4506 1018 4565 49.
1033 4504 1101 4564 108.
1116 4507 1191 4577 103;
1212 4505 1287 4566 Mai.
1306 4509 1374 4584 eph.
1387 4509 1442 4581 78;
1463 4511 1522 4569 Nu.
1541 4513 1608 4589 eph.
1624 4513 1681 4572 109

357 4603 408 4679 (61.
432 4603 472 4662 N.
495 4603 526 4676 1,
541 4603 590 4662 74.
608 4604 647 4663 84
662 4605 747 4679 666),
776 4605 843 4681 Opi.
866 4605 987 4679 1,146;
1015 4607 1079 4666 Par.
1103 4607 1171 4684 eph.
1186 4607 1242 4680 50,
1269 4610 1349 4684 quod
1371 4617 1418 4668 est
1437 4610 1608 4671 Pescenniae
1630 4613 1681 4688 (61.

357 4703 383 4776 Ι,
401 4705 489 4780 137);
510 4704 577 4763 Pla.
599 4705 629 4776 1,
648 4706 720 4778 116;
746 4705 809 4765 sta.
833 4705 859 4778 Ι,
877 4706 950 4779 103;
975 4708 1055 4766 Tirra'
1075 4709 1142 4784 eph.
1159 4708 1213 4777 533
1239 4708 1287 4767 11.
1310 4711 1378 4787 eph.
1395 4708 1444 4768 78.
1460 4711 1513 4783 99;
1537 4713 1568 4770 V.
1590 4713 1615 4785 Ι,
1632 4713 1681 4772 75.

357 4803 668 4881 eph.38.120.123;
692 4805 930 4878 ...6161150
973 4808 1104 4883 Tan]

359 4940 557 4952 —fl——n

436 5023 470 5088 ¹>1
488 5025 589 5078 Titulos
613 5031 733 5081 asterisco
757 5031 890 5082 distinctos
913 5048 966 5083 non
984 5033 1050 5083 vidit
1068 4993 1329 5099 Trandeienbargiua.
1365 5034 1398 5084 In
1416 5035 1521 5102 reliquis
1540 5037 1572 5087 ab
1593 5053 1624 5088 66
1643 5053 1682 5089 ra·

359 5116 467 5180 coguitis
485 5131 580 5169 nomen
599 5121 653 5171 eiua
671 5120 708 5170 151
727 5129 825 5174 tantum
845 5125 1019 5189 apposuimus,
1040 5125 1084 5175 ubi
1103 5125 1237 5176 lectionem
1258 5125 1410 5175 emendarit.
