3736 5822
589 551 638 603 ms
656 549 868 604 resarucuo
886 551 1114 606 cssmoevu.
1465 538 1513 611 93

187 725 283 785 misso
308 722 415 793 refert,
441 721 577 802 legiones
603 741 642 781 ex
667 723 819 798 insperato
841 725 997 784 victoriam
1018 725 1188 786 vindicasse
1213 728 1351 804 iuqulotie
1376 731 1413 788 ab
1438 731 1517 791 locta

187 827 358 902 quibusdam
379 825 499 884 tribunis
519 825 649 896 militum,
671 827 836 900 interecepto
852 828 998 902 perfecto
1019 835 1178 887 cmtrcmm
1194 831 1404 907 praefectisque
1417 832 1516 891 color·

187 930 257 986 dum
278 926 321 1002 (n.
339 925 407 1001 39);
430 925 580 984 exercitus
601 942 718 1002 qnoque
733 923 914 984 Vitellianos
935 925 1032 986 Fabio
1047 927 1174 987 Valente
1195 938 1226 988 et
1240 927 1370 990 Caecina
1391 932 1515 992 ducibus

187 1026 299 1102 duplici
320 1024 438 1104 agmine
458 1025 579 1085 Italiam
599 1033 735 1102 petentes
757 1025 893 1102 singulos
915 1026 1058 1086 babuisse
1078 1029 1247 1103 praefectos
1262 1039 1437 1106 antrorum,
1452 1032 1515 1092 Va·

187 1126 277 1187 lentis
298 1127 442 1186 Alfenum
456 1119 583 1198 Varum,
603 1123 751 1186 Caecinae
771 1126 883 1186 Iulium
906 1126 1043 1200 Gratum,
1064 1137 1143 1188 recte
1164 1147 1205 1188 ex
1223 1129 1323 1190 Taciti
1345 1134 1516 1193 narratione

188 1227 297 1304 (ιι.16.
316 1228 368 1302 17)
390 1225 535 1286 effeceris.
577 1226 728 1286 Praefecti
748 1227 839 1304 igitir
859 1237 1040 1298 castrorum,
1064 1229 1116 1305 qui
1136 1228 1303 1304 Vitellium,
1323 1251 1390 1292 cum
1411 1236 1515 1296 urbem

187 1328 402 1403 ingrederetur,
428 1329 646 1387 comitabantur
671 1327 714 1404 (u.
735 1327 808 1404 43),
836 1329 896 1388 duo
923 1329 1062 1388 videntur
1089 1326 1183 1404 fuisse
1211 1331 1261 1390 vel
1287 1337 1366 1392 tres:
1395 1335 1514 1394 tertium

188 1429 269 1488 enim
289 1429 419 1488 fumasse
433 1430 499 1506 ipse
515 1445 616 1487 secum
631 1427 757 1487 adduxit
769 1429 920 1489 Vitellius.
955 1429 1069 1489 Postea
1081 1447 1201 1508 quoque
1215 1431 1245 1490 in
1260 1433 1394 1492 exercitu
1408 1455 1427 1493 a
1441 1432 1517 1495 an-

188 1531 257 1588 cina
277 1537 382 1589 contra
401 1529 526 1589 Fluvios
548 1528 676 1587 adducto
699 1546 776 1588 unus
792 1526 919 1589 (lessius
931 1528 1055 1607 Longus
1077 1529 1121 1606 (n.
1140 1531 1192 1608 19)
1212 1534 1381 1610 praefectus
1403 1542 1517 1596 castro·

189 1649 254 1688 rum
269 1630 387 1689 videtur
406 1630 512 1690 fuisse.
545 1627 659 1689 Contra
675 1629 737 1689 duo
758 1630 918 1690 adfuerunt
938 1631 1052 1707 proelio
1066 1631 1210 1706 Variana,
1231 1651 1291 1709 quo
1304 1643 1367 1694 tres
1382 1635 1517 1713 legiones

189 1747 297 1790 eaesae
322 1748 391 1791 esse
415 1738 535 1790 constat
559 1729 602 1806 (u.
619 1730 648 1789 3.
662 1729 712 1806 4);
736 1728 835 1790 Varus
861 1731 953 1807 igitur
978 1749 1044 1791 cum
1065 1732 1199 1810 legiones
1221 1752 1260 1792 ex
1281 1735 1414 1796 hibernie
1434 1736 1517 1796 Rhe·

188 1832 276 1890 nanis
289 1830 329 1890 ad
339 1831 494 1908 Visurgim
509 1831 639 1902 duceret,
653 1829 780 1890 duorum
795 1831 973 1891 stativorum
984 1832 1153 1909 praefectos
1165 1849 1267 1893 secum
1277 1835 1416 1911 babebat,
1432 1840 1517 1899 cuius

189 1931 233 1990 rei
255 1949 364 1990 musas
385 1931 558 2009 intellegere
578 1930 701 1991 difficile
722 1949 783 1990 non
803 1939 859 1990 est.

273 2033 408 2092 Absente
428 2033 580 2110 praefecto
601 2032 671 2108 quis
692 2032 771 2092 vices
792 2031 857 2091 eius
878 2031 910 2090 in
929 2032 1038 2092 castris
1053 2049 1142 2109 agere
1156 2034 1263 2094 solitus
1277 2037 1328 2107 sit,
1348 2037 1516 2110 nescimus;

189 2149 279 2211 saepe
305 2142 404 2192 nmen
429 2152 496 2192 eum
524 2142 627 2192 castra
651 2133 812 2209 reliquisse
836 2131 1063 2210 praefuisseque
1082 2133 1328 2195 vexillationibus
1351 2137 1449 2196 variae
1477 2139 1517 2196 ad

189 2251 240 2294 res
267 2234 476 2311 exsequendas
504 2234 642 2306 emissis,
670 2241 790 2310 praeter
815 2233 986 2310 exemplum
1015 2233 1168 2292 Aufidieni
1195 2233 1281 2307 Rufi,
1308 2254 1398 2312 quem
1425 2253 1518 2316 supra

189 2333 249 2392 iam
275 2337 439 2395 memoravi
463 2334 668 2394 vexillationis
694 2342 762 2393 aute
789 2343 925 2409 coeptam
951 2333 1125 2393 seditionem
1152 2333 1355 2395 Pannonicum
1377 2335 1519 2417 Naupor-

189 2440 254 2493 tum
281 2435 392 2495 miesae
412 2435 517 2496 ducem
538 2434 583 2511 (ιι.
598 2433 648 2510 6),
675 2433 762 2494 docet
780 2435 948 2511 praefectus
969 2443 1149 2508 castrorum,
1176 2435 1228 2511 qui
1256 2453 1335 2495 anno
1350 2437 1390 2497 50
1411 2440 1518 2499 cobor-

189 2535 269 2595 tibns
293 2535 469 2615 legionariis
495 2543 615 2613 praeest
639 2535 678 2594 ad
705 2535 888 2596 exstruenda
909 2533 989 2611 apud
1010 2531 1127 2594 Siluras
1147 2535 1300 2612 praesidia
1319 2538 1430 2598 relictis
1451 2557 1519 2602 cae-

190 2637 293 2713 sisque
318 2655 337 2694 a
358 2635 514 2696 Britannis
535 2636 581 2713 (n.
595 2635 665 2711 42),
690 2636 761 2695 item
782 2636 913 2695 Insteius
935 2633 1055 2712 Capito,
1077 2637 1126 2696 cui
1148 2635 1283 2696 Corbulo
1308 2637 1388 2696 b'ello
1409 2640 1519 2699 Arme·

189 2737 276 2796 niaco
297 2737 424 2798 castelle
444 2737 590 2797 nonnulla
610 2736 813 2815 expugnanda
832 2737 923 2795 tradit
943 2735 988 2812 (u.
1006 2736 1067 2813 14),
1089 2735 1216 2813 denique
1234 2733 1388 2798 Liternius
1401 2737 1518 2800 Fronto

189 2837 422 2914 legionariorum
443 2839 621 2898 selectorum
641 2839 703 2898 dux
722 2837 803 2897 bello
822 2836 947 2897 ludaico
967 2835 1151 2896 Alexandria
1171 2837 1210 2896 ad
1230 2837 1444 2917 Hierosolyma
1465 2860 1518 2918 op·

189 2939 352 3015 pugnanda
371 2939 534 2999 missorum
557 2939 599 3014 (n.
615 2939 679 3015 21).

274 3041 341 3099 Iam
360 3039 553 3117 intellegitur,
575 3041 692 3118 opinor,
717 3057 770 3097 cur
790 3038 822 3098 in
842 3038 938 3097 titulis
959 3038 1072 3097 meculi
1093 3038 1181 3114 primi
1203 3047 1265 3098 tam
1285 3056 1354 3099 raro
1374 3041 1518 3118 praefecti

191 3151 358 3200 castrorum
379 3141 467 3200 titulo
488 3141 617 3200 addatur
636 3139 725 3216 legio,
745 3149 779 3198 ut
797 3146 914 3198 constet
934 3137 1100 3215 legitimum
1119 3156 1227 3198 nomen
1250 3157 1310 3198 non
1325 3139 1420 3200 fuisse
1430 3161 1520 3218 prus-

184 3245 260 3319 secti
284 3251 443 3300 cornorum
470 3242 588 3319 lsqiouia
613 3241 708 3312 illiue,
735 3240 788 3300 sed
809 3241 950 3317 prossoeti
976 3249 1149 3298 coecorum:
1176 3239 1347 3316 frequemm
1372 3242 1452 3301 enim
1483 3262 1520 3301 ea

191 3349 289 3402 aetate
315 3343 426 3401 stativa
445 3341 547 3419 plures
568 3342 712 3419 legiones,
734 3340 879 3399 nonnulla
899 3358 937 3397 ne
951 3357 1041 3397 unam
1057 3339 1177 3413 quidem
1192 3340 1311 3416 plenam
1327 3343 1518 3418 comprehen-

191 3442 316 3514 debant;
336 3443 439 3519 itaque
458 3445 598 3519 procswti
618 3451 778 3504 corborum
800 3441 917 3517 leyioais
938 3439 1019 3496 illius
1040 3438 1061 3495 ii
1083 3446 1196 3497 tantum
1215 3440 1360 3515 praefecti
1375 3450 1405 3498 et
1418 3445 1520 3501 vocari

192 3551 331 3622 poteram
351 3553 382 3602 et
401 3545 595 3616 vocabantur,
614 3544 666 3620 qui
688 3541 795 3603 castris
816 3546 983 3616 praeerant,
1005 3537 1065 3611 ubi,
1086 3547 1121 3597 ut
1140 3539 1172 3597 in
1191 3539 1352 3612 Africanis,
1374 3559 1434 3600 una
1454 3561 1520 3602 mo-

192 3646 315 3704 rabatur
340 3645 428 3724 legio.
470 3645 536 3704 Iam
562 3645 589 3704 si
613 3645 734 3703 saeculo
756 3641 887 3703 secundo
908 3639 1092 3699 contrarium
1113 3656 1202 3698 usum
1223 3639 1353 3699 valuisse
1373 3641 1520 3715 videmus,

193 3746 332 3805 nimirum
358 3755 393 3804 ut
417 3762 535 3822 semper
559 3745 688 3804 addatur
712 3744 805 3822 legio,
835 3740 922 3813 inde,
949 3740 1065 3818 opinor,
1094 3738 1271 3799 concludere
1298 3740 1456 3815 debemus,
1484 3763 1521 3802 ca

195 3855 293 3906 aetate
313 3846 382 3924 plus
403 3865 465 3904 una
484 3846 604 3923 legione
624 3863 778 3922 nunquam
798 3843 892 3903 foisse
912 3843 944 3900 in
966 3840 1087 3914 castris,
1112 3841 1240 3918 ideoque
1262 3858 1349 3900 suum
1372 3860 1521 3919 quamque

194 3947 343 4025 legionem
364 3947 507 4006 babuisse
527 3945 709 4023 praefectum
730 3954 906 4005 amborum.
947 3942 988 4002 Et
1001 3959 1074 4001 vero
1094 3941 1138 4000 ita
1157 3960 1207 4001 ree
1229 3959 1262 4000 sc
1276 3942 1374 4004 babet.
1413 3943 1523 4004 Tradit

194 4047 273 4110 enim
294 4047 457 4110 Suetonius
482 4048 533 4106 vit.
556 4045 669 4106 Domit.
685 4046 703 4104 7
710 4065 717 4104 t
747 4044 956 4122 (Domitianus)
979 4045 1121 4120 pastinari
1147 4041 1286 4120 legionum
1311 4053 1406 4104 ambe
1421 4045 1521 4122 proli-

196 4149 263 4220 bus't,
284 4167 336 4208 aec
351 4149 422 4226 plus
442 4166 529 4226 quum
548 4149 626 4206 mille
643 4164 770 4206 nummos
791 4165 811 4204 c
832 4161 975 4223 quoquum
994 4145 1037 4202 cd
1048 4146 1133 4220 &pao
1147 4145 1266 4220 depoui5
1285 4146 1364 4221 quod
1376 4143 1416 4203 L.
1430 4145 1522 4204 Anto-

194 4254 260 4308 nias
285 4251 366 4326 opud
391 4251 513 4308 ducrum
539 4248 680 4326 legionum
707 4248 825 4308 liburna
844 4264 891 4305 rat
910 4261 1000 4304 accos
1021 4245 1136 4303 multem
1151 4243 1290 4319 fiduciam
1310 4249 1417 4321 cepisse
1438 4251 1521 4306 sacro

196 4368 230 4408 ex
256 4353 445 4427 depositorum
470 4367 578 4408 summo
603 4351 761 4408 videbator.
803 4347 878 4407 lnde
903 4347 942 4404 ab
964 4344 1131 4405 Domitiani
1157 4343 1248 4419 igitur
1270 4353 1367 4404 aetate
1388 4346 1522 4421 legiones

197 4450 330 4527 singulae
352 4457 385 4510 nt
406 4459 505 4509 castra
525 4467 581 4509 sua
601 4449 644 4509 its
663 4449 830 4526 praefectos
853 4455 1017 4507 castrorum
1040 4443 1197 4503 habebant

280 4549 468 4611 creabantur
481 4561 579 4610 autem
594 4550 737 4628 praefecti
751 4559 918 4610 castrorum
933 4548 970 4605 ab
985 4546 1171 4619 Imperatore
1186 4544 1229 4619 (ιι.
1242 4544 1287 4619 7),
1309 4545 1388 4602 dicto
1402 4545 1522 4603 audien·

198 4661 242 4710 tes
269 4632 356 4711 erant
381 4669 453 4712 suae
480 4653 609 4728 quiaque
635 4651 808 4728 provinciae
833 4649 941 4727 legatie
968 4646 1011 4722 (n.
1030 4645 1077 4702 14.
1095 4643 1158 4718 lb).
1199 4641 1281 4702 Num
1303 4654 1402 4703 autem
1424 4645 1524 4721 legato

197 4751 324 4830 legionis
346 4771 464 4832 quoquc
486 4751 599 4813 subditi
620 4752 741 4825 fuemnt,
761 4749 834 4809 mibi
854 4748 973 4826 quidem
990 4745 1075 4805 valde
1097 4742 1220 4803 dubium
1242 4749 1297 4814 est,
1317 4744 1409 4801 immo
1424 4752 1524 4822 aperte

197 4853 377 4930 negaverim.
420 4853 528 4932 Neque
554 4854 648 4926 enim,
674 4871 735 4928 qna
760 4851 875 4910 ratione
901 4848 981 4926 apud
1003 4845 1141 4906 Tacitum
1169 4843 1414 4921 (ιι.14.17.19)
1441 4845 1525 4903 iuxta

198 4954 330 5032 legatum
352 4963 630 5026 commemorantur,
653 4971 749 5029 nequo
770 4970 847 5028 quae
868 4967 959 5026 supra
979 4949 1016 5007 de
1038 4943 1197 5023 praefectis
1219 4949 1385 5002 castrorum
1404 4945 1526 5023 Aegyp-

198 5057 343 5116 tiacorum
372 5057 502 5135 exposui
528 5055 603 5116 satis
629 5053 811 5114 conveniunt
835 5049 985 5111 eiusmodi
1004 5045 1183 5107 condicioni.
1225 5043 1291 5103 Nec
1311 5042 1438 5123 denique
1460 5064 1525 5121 per·

199 5159 374 5235 spiceretur,
400 5159 447 5217 cui
472 5176 511 5216 ex
536 5137 644 5232 legitis
671 5154 822 5229 legionum
847 5152 971 5211 deberet
995 5147 1130 5219 obedire,
1157 5146 1185 5204 si
1211 5145 1330 5222 quando
1358 5147 1527 5223 complures
