3742 5826
567 560 616 611 nu
635 559 900 614 sumrrorouvu
915 559 1021 614 vusrs
1038 561 1193 616 mavum.
1471 547 1541 619 111

217 730 341 790 Dudum
362 731 548 791 intellectum
569 739 617 791 est
637 749 704 791 esse
718 739 833 810 partem
848 733 928 792 tituli
943 750 1030 792 mous
1044 733 1235 810 triumphalis
1249 735 1323 793 faeti
1337 733 1465 796 Claudio
1480 737 1544 798 Au-

217 841 307 909 gusto
329 851 349 891 s
369 839 475 891 senatu
495 833 667 910 populoque
686 832 824 892 Romano
845 842 968 911 propter
989 835 1136 894 devictam
1150 834 1347 895 Britanniam.
1382 837 1419 896 In
1440 841 1545 900 eodem

219 941 318 992 autem
339 951 409 992 areu
432 932 562 993 dubitari
583 953 645 992 uon
665 941 772 1011 potest,
794 934 874 1009 quod
896 935 994 994 sdhrm
1015 935 1151 995 homiues
1166 934 1272 996 doetus
1287 937 1404 996 videtur
1420 940 1544 1016 fugisse,

219 1033 291 1108 quiu
305 1032 416 1092 iueriut
428 1033 573 1110 reliquiae
590 1034 661 1093 illes
675 1035 740 1094 sive
754 1035 843 1093 unius
858 1034 979 1095 tabulae
993 1053 1120 1114 maguae
1134 1055 1318 1098 marmoreae
1334 1039 1398 1098 sive
1412 1041 1545 1116 plurium

219 1140 354 1210 repertae
373 1135 469 1194 multo
490 1142 570 1207 ante,
591 1135 622 1194 iu
643 1135 752 1212 quibus
773 1135 920 1212 iuscripta
934 1137 983 1196 vel
1003 1155 1083 1198 nuno
1098 1145 1205 1198 extant
1218 1138 1266 1198 vel
1281 1147 1369 1198 autea
1382 1141 1546 1202 extiterunt

219 1234 340 1293 nomina
365 1236 473 1295 domus
496 1233 642 1296 Claudiae
666 1254 737 1296 oasu
762 1235 864 1294 dativo
885 1236 965 1295 aliud
986 1245 1110 1315 propter
1130 1237 1214 1297 aliud
1234 1239 1350 1316 posita,
1372 1237 1546 1302 Germanioi

218 1333 335 1406 fratris,
362 1336 514 1396 Antoniae
538 1335 659 1409 matris,
684 1337 869 1416 Agrippinae
896 1337 1018 1410 uxoris,
1040 1336 1173 1418 Neronis
1193 1339 1264 1411 filii,
1287 1337 1433 1400 Ootsviae
1454 1341 1545 1402 tiliae.

219 1433 339 1494 Tabula
359 1455 395 1496 ea
415 1455 493 1514 quae
514 1438 647 1498 ooufiuet
666 1438 788 1497 uomina
805 1437 965 1512 Antoniae,
980 1431 1178 1516 Agrippinae,
1192 1438 1324 1500 Neronis
1345 1441 1441 1501 adhue
1462 1450 1547 1502 extat

219 1535 250 1594 iu
270 1555 377 1596 museo
392 1535 574 1616 Capitolino,
595 1539 701 1598 titulos
716 1537 809 1597 edidit
822 1546 940 1614 praeter
953 1539 1029 1598 ulios
1045 1537 1196 1600 Gruterus
1218 1560 1247 1617 p.
1264 1539 1334 1612 236,
1350 1541 1368 1599 9
1384 1549 1415 1602 et
1429 1541 1500 1617 138,
1516 1542 1545 1604 6.

218 1636 292 1696 illas
312 1639 392 1698 euim
413 1639 530 1698 tabulas
552 1659 613 1698 non
634 1638 732 1699 solum
746 1657 786 1697 ex
799 1638 905 1699 eodem
919 1639 996 1714 loeo,
1018 1639 1069 1698 ubi
1081 1639 1189 1699 titulus
1204 1637 1325 1700 Claudii
1338 1649 1475 1719 repertus
1489 1650 1546 1716 est,

218 1738 371 1814 prodiisse
392 1740 563 1816 complures
584 1747 740 1814 metantur,
761 1741 815 1800 sed
829 1740 984 1800 Manutius
1006 1740 1037 1798 iu
1059 1740 1160 1800 oodiee
1174 1739 1323 1801 Vatieauo
1346 1742 1427 1802 5337
1449 1743 1469 1801 1.
1488 1744 1546 1803 147

219 1847 324 1898 suntor
344 1850 393 1900 est
412 1859 465 1900 eas
486 1841 582 1901 irrisae
602 1841 634 1900 iu
655 1860 728 1900 areu
749 1841 880 1917 quodam
901 1841 949 1899 his
964 1840 1064 1900 verbis
1085 1859 1157 1901 usus
1174 1842 1253 1900 nella
1262 1847 1368 1919 pietro
1380 1844 1411 1902 di
1424 1843 1548 1904 Seium

212 1940 254 2014 su
274 1943 414 2000 riuoooto
435 1961 491 2003 uae
512 1959 581 2003 oreo
603 1943 634 2001 di
651 1943 775 2003 Claudio
796 1945 965 2017 imperatore
985 1940 1083 2000 doaso
1096 1941 1177 2002 1562
1197 1961 1250 2001 eon
1268 1952 1364 2019 queste
1381 1947 1547 2016 temitanum

220 2040 347 2100 subiecit
374 2060 427 2101 eos
452 2043 554 2103 titulos
575 2043 612 2102 de
633 2043 742 2119 quibua
764 2041 900 2102 dioimus.
944 2041 1137 2101 Manifestum
1160 2050 1206 2101 est
1225 2042 1318 2122 igitur
1339 2062 1441 2102 areum
1461 2045 1545 2103 illum

219 2140 431 2218 triumphalem
458 2144 626 2203 dedicatum
653 2143 748 2204 inisse
775 2141 903 2203 Claudio
933 2142 1094 2219 domuique
1122 2140 1249 2203 claudit
1292 2142 1419 2202 Videtur
1446 2153 1546 2205 autern

220 2240 268 2300 hie
288 2249 322 2301 ut
338 2243 510 2304 Tieineusis
525 2245 665 2323 Augusti,
686 2244 724 2304 de
745 2262 806 2320 quo
826 2243 970 2304 disseruit
983 2239 1202 2320 Mommseu1),
1223 2244 1319 2305 inisse
1337 2264 1374 2303 ea
1386 2245 1494 2316 formu,
1513 2255 1549 2305 ut

219 2353 338 2418 praeter
359 2354 488 2406 statuam
508 2346 699 2424 imperatoris
720 2345 817 2422 ipsius
839 2354 963 2405 ornatus
986 2350 1067 2404 esset
1087 2345 1196 2404 statuis
1218 2362 1320 2404 eorum
1337 2345 1389 2421 qui
1404 2364 1444 2406 ex
1458 2347 1547 2406 domo

221 2444 286 2504 eius
308 2454 402 2504 erant

302 2544 374 2606 Una
398 2566 465 2608 oum
490 2548 600 2608 tabulis
622 2565 698 2624 quas
720 2547 963 2625 supradiximus
984 2554 1105 2622 reperta
1124 2552 1196 2605 suut
1215 2545 1383 2623 fragmenta
1404 2546 1548 2606 nonnulla

221 2664 298 2721 quse
311 2648 402 2706 ueteri
415 2649 583 2709 describere
596 2649 771 2722 omiserunt,
793 2665 870 2708 uuus
890 2647 1050 2725 descripsit
1063 2645 1210 2706 Nieolaus
1223 2647 1409 2719 Florentius,
1431 2665 1548 2706 eorum-

220 2765 279 2823 que
299 2750 439 2826 exempla
457 2751 542 2810 misit
561 2757 592 2808 et
608 2749 778 2822 Torrentio,
798 2749 830 2808 iu
851 2748 935 2808 ouius
957 2747 1060 2808 codiee
1080 2746 1273 2808 Bruxellensi
1294 2753 1399 2807 extant
1419 2747 1548 2806 infolio

221 2849 329 2925 primo,
350 2859 380 2909 et
400 2849 519 2928 Pighio,
540 2851 627 2910 euius
647 2850 742 2910 eodiui
764 2849 954 2910 Borolineusi
976 2849 1090 2910 inserts
1111 2857 1181 2910 suut
1201 2848 1233 2907 iu
1253 2848 1277 2908 1.
1293 2849 1362 2909 103.
1398 2847 1548 2927 Exempla

222 2951 445 3012 adcuratissime
465 2951 585 3028 depicta
606 2951 681 3011 haee
702 2958 785 3012 suut:

530 3235 572 3264 ’ἢ
852 3241 913 3283 rar
928 3253 935 3269 ·
950 3231 987 3283 xi
1194 3239 1224 3280 vr
1242 3237 1256 3272 r

869 3341 946 3384 rarat
1194 3325 1227 3380 111

877 3439 945 3483 VOD

225 3594 311 3669 Quae
336 3597 363 3656 si
389 3597 551 3657 contuleris
572 3615 640 3658 oum
661 3613 770 3674 magno
791 3595 845 3654 illo
866 3595 1036 3672 fragmento
1057 3612 1085 3669 a.
1104 3593 1181 3653 1641
1206 3593 1311 3654 eodem
1331 3591 1399 3651 locu
1421 3599 1550 3668 reperto,

224 3695 381 3777 intelleges
407 3700 569 3776 partientes
589 3698 684 3758 fuisse
704 3697 838 3790 eiusdem
860 3695 949 3755 tituli.
992 3694 1109 3754 Harum
1131 3713 1190 3772 ope
1210 3693 1237 3753 is
1258 3695 1289 3753 iu
1310 3693 1388 3752 haue
1408 3692 1469 3752 iere
1490 3690 1550 3750 ior-

225 3817 304 3858 msm
325 3800 442 3860 videtur
462 3801 580 3861 restitui
600 3816 705 3877 posse:

565 3954 604 4013 rr
640 3975 648 3991 ·
682 3951 847 4012 curves
890 3953 974 4011 eruat
1001 3952 1031 4028 s.
1068 3949 1209 4011 casnm

696 4054 863 4114 avovuo
887 4050 1081 4130 pannonico

567 4170 719 4217 romarici
757 4172 854 4214 maximo
889 4171 937 4213 trit.
969 4169 1095 4224 potestur
1133 4182 1141 4199 ·
1175 4160 1211 4213 lli

624 4272 684 4318 cos
696 4285 703 4302 ·
714 4263 738 4316 v
749 4284 757 4300 ·
768 4273 824 4326 usp.
842 4273 883 4314 ni
894 4254 936 4331 (1)
955 4272 1019 4324 past
1036 4270 1152 4325 paratur

510 4377 523 4417 5
566 4373 700 4417 SENATVS
735 4385 743 4402 ·
779 4370 924 4426 i’Opatasqas
966 4369 1088 4414 ROmuaaa
1130 4368 1211 4424 qvou

625 4473 718 4517 REGES
734 4487 740 4501 ·
757 4473 901 4516 tamenetsi
921 4473 949 4514 xi
964 4483 972 4499 ·
987 4471 1089 4514 Dentatus
1110 4471 1156 4512 atu

533 4537 536 4544 Ι
624 4571 1036 4617 νιΙΛ·ΙΑΕΤνκοΙκΜ111οκοηι
1050 4570 1156 4624 occupas

569 4673 751 4730 ossrsszs
795 4685 803 4700 ·
846 4671 960 4713 aarum
1006 4673 1068 4710 sm
1110 4679 1212 4710 mam

569 4758 739 4818 uulnus-ru
762 4771 887 4816 uictam
904 4770 982 4824 papas
1002 4769 1089 4812 romeus
1109 4768 1214 4820 remora

307 5081 329 5143 Ι)
357 5081 477 5134 Bariehta
496 5082 542 5133 der
560 5082 643 5133 situlis.
662 5079 804 5133 Gaseilselr.
823 5079 850 5129 d.
863 5077 942 5130 Wlss.
964 5075 1034 5128 1350
1054 5092 1079 5140 p.
1094 5074 1157 5126 315.
