3712 5838
370 540 445 612 224
941 549 1123 605 uomrsnn
1208 591 1210 596 .

371 657 523 670 -n-—O

261 717 268 725 ’
370 730 475 789 aetatis
491 727 686 788 Gracchanae
707 725 895 800 scriptorem,
916 723 971 782 sed
992 731 1024 782 ut
1044 731 1106 782 tam
1126 723 1158 781 in
1173 719 1275 782 Samio
1296 722 1383 782 titulo
1404 740 1496 798 qnam
1512 725 1591 800 apud
1605 726 1699 802 Poly·

370 833 451 891 bium
477 829 566 905 plena
589 826 791 885 denominatio
813 824 978 907 στρατηγοῦ
1001 813 1108 882 ῦποὲτου
1135 813 1310 899 breviorque
1330 813 1440 881 iccirco
1464 825 1648 884 alternentur
1669 838 1700 885 ct

371 931 451 1008 apud
478 930 556 987 hunc
581 926 700 1003 quidem
727 925 817 1001 plena
842 943 912 984 raro
938 923 1121 996 inveniatur,
1152 923 1269 1008 scilicet
1295 931 1340 982 ter
1366 931 1480 982 tantum
1509 921 1559 1000 (1',
1587 923 1641 997 52,
1669 928 1698 987 5.

371 1033 399 1101 6,
419 1033 464 1100 14,
481 1027 515 1100 2,
536 1027 589 1086 nbi
609 1044 662 1086 cnr
683 1027 788 1101 nuperi
810 1025 939 1086 editores
962 1025 1126 1110 στρατηγοῦ
1147 1021 1323 1082 vocabulum
1345 1020 1531 1096 induxerint,
1551 1045 1611 1084 non
1632 1045 1699 1104 per·

371 1132 477 1208 spicio.
516 1129 563 1200 18,
578 1128 618 1187 46
634 1125 700 1204 [29]
716 1129 734 1187 5
755 1127 788 1185 in
802 1127 908 1198 edicto,
923 1144 982 1202 quo
998 1113 1349 1184 Flamininus'Grseciae
1363 1125 1492 1202 populos
1507 1121 1617 1185 liberos
1633 1145 1699 1186 esse
1801 1201 1807 1210 ,

370 1232 481 1306 iubet),
503 1249 570 1289 cum
592 1219 698 1286 ῦποτοο
720 1229 798 1286 nnde
820 1227 934 1304 passim
956 1225 1082 1302 legatur.
1125 1223 1195 1284 lloc
1216 1225 1368 1302 proprium
1390 1237 1439 1284 est
1458 1217 1589 1304 Polybio
1610 1235 1641 1285 et
1661 1229 1699 1286 ab

369 1335 439 1411 ipso
461 1332 492 1390 ni
513 1328 602 1388 fallor
622 1329 824 1404 excogitatum
846 1327 1049 1403 ambiguitatis
1071 1327 1168 1386 omnis
1190 1325 1347 1385 evitandae
1369 1327 1484 1400 studio,
1510 1327 1591 1404 qnod
1612 1347 1699 1403 prae·

371 1443 466 1493 torem
493 1451 554 1490 non
580 1423 741 1514 στροτηηὲυ
766 1429 844 1486 nude
871 1427 956 1499 dicit,
984 1427 1036 1485 sed
1058 1435 1109 1485 aut
1130 1422 1290 1509 στρατηγόν
1311 1417 1485 1506 {garaihtana
1506 1426 1645 1503 (3,106,
1666 1427 1699 1504 6)

372 1545 424 1593 aut
444 1524 619 1613 ἓξοτπέλοττυν
639 1529 716 1588 nude
739 1529 782 1602 (3,
799 1527 849 1598 40,
868 1530 900 1586 11
920 1528 984 1602 al.).
1021 1524 1134 1587 Contra
1149 1525 1197 1584 ubi
1213 1521 1375 1610 στρατηγὸς
1390 1527 1469 1586 nude
1482 1528 1592 1605 legitur
1602 1547 1700 1605 neque

372 1632 554 1712 appellative
575 1629 745 1708 ponitnr¹)‚
771 1629 824 1688 sed
846 1629 883 1686 ad
905 1629 1112 1704 magistratum
1135 1627 1363 1703 designandum,
1385 1624 1427 1686 ibi
1449 1633 1508 1688 riou
1531 1638 1699 1704 praetorem

372 1734 544 1813 significari,
560 1731 614 1791 sed
628 1730 781 1790 consulem
795 1729 852 1787 viri
866 1729 946 1788 docti
961 1728 1074 1786 dudum
1085 1723 1350 1804 intellexerunt²);
1373 1723 1415 1788 ita
1428 1729 1460 1787 in
1474 1727 1593 1788 loedere
1607 1732 1699 1788 Aeto·

372 1837 429 1895 lico
445 1834 495 1905 21,
511 1833 560 1903 32,
577 1833 614 1891 ld
631 1829 694 1906 [22
711 1831 758 1902 15,
777 1829 840 1905 13]=
859 1820 901 1886 s'ni
914 1821 1032 1886 Asuuius
1050 1821 1174 1886 Kcrvn'ou
1189 1818 1238 1885 uui
1252 1809 1353 1886 Γνοττόυ
1370 1821 1505 1896 Δυμοτῖου
1520 1827 1698 1912 σπρὶτπηγυῖν,

371 1936 442 1994 item
465 1931 596 2009 23[24],
614 1935 640 2002 1,
662 1931 690 1990 8.
733 1927 822 1989 Unde
844 1931 933 1989 etiam
955 1929 1117 2007 proconsul
1138 1947 1157 1986 a
1177 1927 1306 2008 Polybio
1328 1947 1388 1988 non
1409 1929 1507 1989 solnm
1528 1922 1699 2012 deSa'rrerc‘c

371 2034 489 2105 dicitnr,
511 2032 564 2091 sed
584 2031 656 2092 item
674 2023 896 2114 ἀντιστράτηγος
916 2031 961 2106 (3,
976 2027 1047 2102 106,
1063 2029 1091 2089 2.
1114 2029 1164 2102 28,
1181 2029 1210 2102 3,
1228 2030 1269 2107 1),
1292 2031 1545 2114 quamquam'hoc
1559 2032 1648 2090 etiam
1664 2031 1701 2089 de

372 2144 564 2214 propraetore
580 2132 737 2209 usurparit
754 2131 818 2207 (15,
834 2133 863 2204 4,
881 2131 923 2207 1).
959 2131 1048 2208 Apud
1063 2139 1202 2191 auctores
1217 2130 1397 2209 posteriores
1412 2150 1465 2191 eae
1479 2131 1645 2192 locutiones
1659 2134 1701 2192 ibi

372 2238 508 2308 redeunt,
529 2235 580 2294 nbi
595 2233 755 2310 Polybium
776 2233 977 2309 compilarunt
997 2232 1141 2316 imitativa
1163 2223 1246 2302 snut3
1267 2232 1311 2290 ita
1333 2227 1520 2292 Flamininus
1540 2228 1701 2318 στρατηηός

371 2331 478 2398 damac
490 2336 600 2395 dicitnr
613 2334 693 2411 apud
708 2333 903 2392 Plutarchum
918 2332 979 2391 Tit.
994 2333 1032 2390 10
1046 2333 1078 2391 in
1092 2351 1128 2391 eo
1142 2332 1212 2410 ipso
1226 2332 1324 2391 edicto
1338 2333 1375 2392 de
1392 2331 1522 2394 mucia
1536 2333 1699 2405 liberanda,

373 2431 483 2497 ῦποοτοο
501 2427 662 2520 στρατηγός
681 2435 718 2493 Ρ.
734 2433 868 2493 Licinius
890 2433 995 2493 consnl
1016 2451 1043 2492 a.
1060 2433 1119 2492 583
1143 2433 1222 2508 apud
1243 2433 1369 2493 eundem
1391 2433 1420 2493 in
1440 2434 1701 2512 apophthegmatis

373 2559 434 2619 reg.
462 2548 493 2598 ct
516 2539 588 2616 imp.
614 2554 644 2612 p.
666 2533 725 2596 230
745 2533 915 2611 Dnebn.³).
963 2535 1125 2593 Praeterea
1153 2543 1253 2592 antem
1279 2535 1457 2611 praesertim
1485 2536 1516 2593 in
1544 2535 1639 2593 titulis
1668 2547 1701 2594 nt

373 2648 493 2717 praetor
519 2627 693 2721 στροτηγᾶς,
721 2636 765 2694 ita
790 2635 897 2694 consul
922 2643 1096 2694 constanter
1122 2633 1292 2712 appellatur
1317 2626 1424 2694 dnarcc
1449 2653 1545 2711 neque
1573 2636 1700 2716 amplius

374 2740 451 2800 redit
471 2739 634 2816 appellatio
656 2736 820 2819 στρατηγοῦ
840 2725 962 2792 ὑπάτου.

458 2840 507 2898 Ab
534 2838 591 2896 hac
616 2835 781 2920 στρατηγοῦ
805 2828 913 2892 darciaco
941 2835 1201 2912 interpretatione,
1231 2855 1319 2914 quam
1348 2837 1421 2898 mihi
1449 2839 1605 2917 probatam
1629 2825 1701 2898 ¹aliis

374 2939 568 3017 comprobare
590 2937 703 3006 studui,
724 2937 814 3014 longe
835 2934 1034 3008 disceditea,
1056 2956 1145 3012 qnam
1161 2935 1412 3016 Waddingtonius
1435 2939 1579 3016 exposuit
1598 2939 1636 2996 ad
1656 2939 1702 2997 in·
1737 2954 1745 2966 ·

375 3041 568 3117 scriptionem
601 3055 694 3116 snpra
720 3036 841 3094 citatam
869 3035 1005 3112 syllogac
1032 3055 1105 3096 snae
1134 3058 1162 3098 n.
1185 3035 1255 3098 588.
1311 3037 1432 3100 Scilicet
1459 3040 1564 3098 merito
1592 3037 1702 3099 reiecta

375 3140 522 3202 Boeclshii
543 3139 691 3198 sententia
710 3135 765 3195 illa
785 3136 936 3196 locutione
957 3136 1119 3213 significari
1140 3137 1245 3198 ducem
1267 3140 1453 3216 eundemque
1467 3139 1622 3200 'consulem
1635 3139 1702 3217 ipse

373 3242 530 3302 Viscontio
544 3239 715 3299 adsentiens
730 3238 882 3297 contendit
894 3237 1057 3316 significari
1071 3239 1114 3296 ita
1128 3238 1232 3299 ducem
1247 3259 1405 3300 summum.
1443 3235 1610 3324 Στροτηγότ
1623 3231 1698 3302 ῦπα-

374 3365 422 3404 τοτ
433 3335 586 3410 Ῥωμαίων,
606 3339 713 3416 inquit,
735 3339 845 3415 ctpnifie
862 3335 986 3415 ‘pentat
1006 3357 1039 3398 sn
1061 3339 1129 3414 cles
1144 3340 1192 3398 des
1206 3337 1366 3410 Bomnius'5
1391 3341 1431 3401 le's
1449 3351 1521 3401 mota
1542 3337 1703 3424 στροτηγδς

375 3456 402 3504 et
421 3436 529 3502 ὕπατος
550 3451 616 3500 sont
637 3440 776 3516 errplopts
797 3443 836 3498 ici
856 3440 929 3499 duas
952 3440 978 3498 lc
998 3457 1062 3499 seua
1077 3439 1162 3517 qu’ils
1176 3451 1225 3500 ont
1237 3441 1301 3500 cisa
1316 3441 1356 3501 les
1371 3453 1487 3501 auteurs
1500 3461 1592 3519 preca,
1615 3453 1703 3502 conat

375 3545 462 3620 qu'ila
489 3547 613 3602 στ’ποοοπε
635 3544 657 3600 d
680 3541 812 3617 diciqner
833 3541 873 3600 lca
888 3543 1034 3615 sonctionc
1056 3545 1196 3600 romaicus
1218 3541 1252 3600 de
1269 3543 1388 3617 preteur
1409 3553 1437 3601 st
1454 3545 1490 3602 de
1511 3545 1618 3602 consul.
1661 3544 1704 3603 Ar

376 3647 505 3722 primum
527 3661 685 3719 nusquam,
707 3643 788 3717 qn'od
810 3642 911 3713 sciam,
933 3659 1030 3717 neque
1044 3639 1190 3718 Polybius
1212 3659 1308 3718 neque
1330 3643 1408 3701 alins
1430 3643 1589 3719 qnisquam
1611 3645 1702 3720 scrip·

377 3758 423 3805 tor
445 3744 580 3805 Graecns
606 3743 771 3826 cepamque*
790 3735 898 3798 ῦποίτου
924 3741 1127 3818 appellatione
1149 3744 1248 3814 utitur,
1274 3743 1332 3802 nisi
1353 3743 1404 3802 nbi
1427 3743 1533 3804 consnl
1554 3743 1702 3822 signitica-

377 3859 435 3920 tur,
449 3854 489 3905 ut
509 3863 606 3922 nsque
627 3844 752 3903 dictator
772 3841 816 3900 ita
836 3841 1006 3918 appellatus
1028 3843 1196 3902 inveniatur
1216 3840 1312 3920 neque
1327 3853 1448 3922 praetor
1461 3845 1499 3917 is,
1521 3846 1600 3922 apnd
1615 3863 1703 3924 quem

377 3966 494 4009 summa
519 3945 635 4022 imperii
663 3945 717 4014 sit,
743 3960 839 4018 neque
865 3941 993 4018 deniqne
1019 3937 1255 4026 ἇρχοστρατηγὲο
1275 3944 1434 4022 qnisquam
1456 3963 1516 4003 non
1536 3944 1701 4005 Romanus.

377 4047 473 4107 Porro
499 4056 531 4105 ut
552 4043 750 4105 concedamus
774 4059 921 4100 summum
942 4043 1050 4103 ducem
1071 4041 1187 4103 Graece
1208 4053 1287 4103 recte
1308 4044 1368 4104 dici
1388 4047 1524 4121 potuisse
1544 4040 1703 4130 στρατηγὸν

377 4140 494 4213 dccccv,
514 4147 643 4221 primum
665 4161 731 4202 eam
753 4143 960 4220 cogitationem
982 4143 1089 4203 iisdem
1111 4144 1200 4221 plane
1213 4145 1314 4228 uerbis
1337 4141 1484 4206 enuntiari
1505 4155 1537 4204 et
1555 4147 1585 4205 in
1608 4147 1703 4206 titulis

456 4448 479 4512 ¹)
508 4450 547 4500 lta
563 4449 587 4509 1,
605 4449 647 4508 11,
662 4447 691 4497 b:
710 4437 940 4516 προχοιρισοῖμιυος
957 4434 1001 4494 ada
1020 4438 1101 4513 1τορον
1113 4444 1159 4495 rba
1171 4435 1266 4496 draiton
1280 4436 1417 4514 crparqyc'r
1435 4453 1461 4497 et
1474 4447 1535 4497 aiibi
1548 4448 1652 4512 passim.
1668 4473 1701 4484 -

377 4543 539 4593 Dictatorem
551 4539 675 4604 Polybius
693 4552 795 4603 semper
812 4539 926 4604 appellat
943 4539 1047 4588 nomine
1059 4537 1171 4599 Latium·
1182 4552 1346 4603 quamquam,
1366 4539 1410 4588 ubi
1428 4527 1481 4589 non
1500 4551 1703 4604 nomenponerc

377 4634 443 4694 vult,
468 4632 515 4683 scd
537 4630 670 4681 dictatoris
693 4637 844 4694 potestatem
867 4631 905 4678 irs
928 4629 1049 4690 definire,
1075 4635 1104 4678 nt
1122 4627 1215 4680 Gracci
1234 4629 1343 4680 lectores
1362 4643 1418 4679 eam
1437 4629 1599 4693 intsheganu
1624 4630 1704 4680 ntinu

378 4723 504 4774 vocabulo
523 4717 661 4788 στρατηγοῦ
679 4708 866 4788 οῦτοιροῖτορος.

455 4810 480 4874 ¹)
507 4812 658 4863 Perizonius
685 4811 815 4862 animadv.
840 4811 900 4861 hist.
925 4811 981 4862 c.I
1005 4825 1030 4874 p.
1049 4810 1083 4861 36
1109 4809 1150 4862 ed.
1175 4809 1378 4862 Amstclsedami
1402 4825 1426 4862 a.
1448 4810 1528 4862 1685.
1570 4809 1704 4875 Schweig-

379 4904 487 4956 haeuser
504 4903 556 4953 rol.
570 4903 586 4954 9
606 4918 632 4967 p.
646 4901 708 4953 566.

455 4989 479 5056 ⁸>
505 4993 584 5056 Quod
600 4999 735 5058 practerea
752 4991 829 5042 sileri
845 4989 996 5042 Perizonius
1015 4990 1046 5042 C.
1063 4991 1205 5056 Popillium
1223 4991 1355 5044 wnsnlsm
1373 5001 1399 5042 a.
1412 4991 1465 5044 822
1484 4992 1623 5050 secandum
1642 4991 1704 5044 Plu·

379 5084 495 5142 tarchum
519 5085 550 5136 0.
564 5083 685 5156 Gracch.
702 5084 730 5133 4·
744 5081 911 5134 Gracchanos
934 5097 968 5133 sa
993 5083 1096 5134 civitate
1120 5079 1468 5151 sapnlhssarparsycim,
1492 5083 1588 5134 raedas
1611 5081 1706 5148 opinor

379 5175 508 5226 erroribus
526 5175 638 5226 auctoris
656 5173 875 5227 commorabitur.
968 5195 980 5226 .·
1094 5209 1099 5226 .
1356 5197 1362 5204 ·
1403 5195 1406 5202 ·
1492 5195 1494 5200 ·
1517 5177 1520 5184 ⁴
1617 5193 1621 5200 ·=
