3742 5826
432 599 435 610 ·
464 603 512 657 nn
530 603 709 692 qoncnns
727 603 774 655 nr
792 599 1063 658 semanormvs
1080 589 1185 659 reor.
1410 591 1483 662 813

158 703 312 720 ’μμ

156 779 357 840 Constantino
385 777 474 835 etiam
504 793 614 835 novum
639 795 695 852 per
720 777 853 852 Africam
881 778 1068 836 sacerdotium
1095 779 1235 839 decretum
1260 781 1384 842 Florius
1410 791 1488 860 parti

155 890 201 940 est
221 879 341 957 (Aurei.
356 877 435 937 Vict.
459 876 496 936 de
518 875 607 936 ane.
632 878 681 948 40,
697 875 762 952 88),
783 876 986 954 hebenusque
1009 879 1125 938 titulum
1148 879 1234 940 Festi
1248 881 1394 960 Hymetti,
1416 905 1484 963 pro·

155 980 287 1042 consciis
309 980 431 1039 Africae
452 979 533 1038 circa
554 998 581 1037 ι.
598 977 673 1050 368,
700 978 747 1036 cni
772 977 856 1036 laudi
877 977 974 1050 datur,
999 983 1078 1055 quod
1097 981 1222 1042 studium
1243 987 1397 1044 aaamdotoi
1413 1005 1485 1063 pro·

155 1085 268 1156 mucias
293 1084 462 1149 ratituerit,
492 1089 523 1138 ut
550 1098 625 1140 naue
651 1098 671 1137 a
699 1078 917 1155 conpetitoribus
939 1081 1102 1156 adpetcmr,
1130 1085 1207 1159 qaod
1232 1095 1317 1144 antea
1331 1087 1485 1162 sornudini

151 1187 243 1257 suem
264 1182 404 1258 (Hannon
418 1181 525 1256 6904).

241 1284 317 1343 Item
338 1280 505 1341 Nummus
527 1283 698 1359 provinciae
712 1283 819 1358 flamen
841 1287 888 1340 est
909 1281 939 1339 in
961 1282 1051 1342 inser.
1074 1284 1224 1345 Anoaaire
1245 1287 1280 1344 de
1304 1288 1486 1349 Constantine

161 1383 238 1444 1861
261 1404 290 1462 p.
307 1383 367 1442 887
389 1401 418 1441 n.
436 1383 464 1441 7.
546 1393 548 1397 “

241 1483 381 1560 Denique
402 1484 605 1544 Mauretaniae
622 1486 790 1558 praecoce
803 1484 910 1559 stamen
931 1483 1043 1544 Renier
1057 1485 1148 1545 8915.

242 1583 291 1643 81.
333 1585 493 1644 Postremo
515 1584 629 1643 Inous
655 1602 774 1661 qnoque
800 1585 831 1642 in
856 1583 1027 1660 provincias
1054 1586 1154 1644 divisa
1179 1589 1268 1647 etiam
1290 1591 1395 1649 harum
1418 1611 1486 1669 pro-

159 1687 322 1744 vinciarum
343 1686 513 1744 sacerdotes
534 1686 732 1762 reperiuntur,
753 1684 857 1760 quales
880 1694 950 1744 sont

201 1789 336 1846 eaomdoo
357 1786 540 1862 (provinciae
564 1785 755 1863 Campaniae)
777 1803 804 1843 a.
821 1783 880 1843 387
903 1783 1042 1860 (Heneen
1064 1808 1092 1845 n.
1109 1787 1205 1864 6118)

198 1899 318 1963 promor
337 1887 478 1947 Emtae
499 1887 637 1964 (Henzen
658 1907 686 1946 n.
704 1885 800 1962 6497)
1205 1959 1207 1962 ¹

198 1998 318 2065 praetor
330 1987 468 2048 Etmrice
491 1989 559 2048 XV
569 1986 745 2064 populorum
767 1984 879 2060 (Orelli
900 2006 929 2045 n.
946 1986 994 2047 86.
1012 1987 1060 2047 97.
1077 1989 1171 2060 3149;
1195 1989 1320 2052 Henzen
1343 2014 1371 2053 ιι.
1389 1995 1484 2072 6183)

11 2077 12 2080 “
136 2154 142 2160 ,
202 2094 314 2150 iuratae
334 2091 376 2148 ad
395 2109 482 2150 sacra
503 2089 640 2148 Etutam
662 2087 772 2165 (Orelli
794 2106 823 2146 n.
839 2086 935 2162 8188)

204 2193 349 2261 scemam,
373 2209 452 2267 mem
474 2193 675 2249 aaaiomsaria
696 2193 754 2248 cicc
779 2187 898 2247 Umbria
920 2191 997 2248 dedit
1017 2187 1157 2265 (Henzen
1178 2211 1208 2250 ιι.
1225 2193 1320 2270 5580)

201 2301 353 2352 coronatae
379 2291 497 2351 sturiae
518 2301 544 2350 ct
571 2291 703 2350 Umbriae
725 2290 907 2364 (Mommsen
928 2291 987 2348 An.
1010 2310 1057 2367 ep.
1080 2292 1144 2352 ιι.9
1167 2313 1195 2370 p.
1212 2293 1288 2370 814)

159 2394 195 2452 de
217 2393 327 2469 quibus
350 2393 488 2453 omnibns
510 2411 570 2451 non
592 2399 639 2451 est
660 2391 742 2468 qnod
759 2399 827 2467 post
842 2390 1058 2451 Mommsenum
1074 2392 1133 2452 An.
1149 2413 1195 2470 ep.
1218 2415 1247 2454 n.
1264 2394 1292 2454 8.
1309 2397 1326 2456 9
1348 2398 1485 2476 pluribus

161 2493 358 2572 disputemus.

245 2805 328 2864 Haec
347 2805 449 2875 habui,
471 2823 549 2881 quae
571 2805 607 2863 de
622 2805 757 2863 conciliis
772 2805 991 2878 provinciarum
1007 2803 1144 2865 afferrem
1159 2808 1339 2881 testimonia,
1362 2813 1487 2886 quibus-

161 2926 226 2965 cum
248 2907 301 2982 qni
321 2906 511 2964 coniunxerit
531 2922 583 2977 ea,
608 2923 685 2981 quae
707 2903 913 2966 Gothoiredns
934 2905 965 2964 in
987 2907 1138 2981 paratitlis
1160 2905 1237 2966 Cod.
1257 2908 1315 2968 Th.
1334 2909 1436 2983 18,18
1459 2925 1488 2972 et

163 3005 211 3080 16,
230 3007 267 3066 10
280 3015 320 3074 ,ει
339 3007 391 3083 qui
413 3006 499 3065 illum
514 3015 633 3066 secutos
649 3015 704 3078 est,
727 3005 856 3066 Carolus
872 3007 962 3065 Menn
981 2991 1057 3066 Uber
1070 3009 1115 3066 die
1129 3008 1297 3069 Rdruiecieo
1310 3011 1488 3072 Ριουὲιιίαἱ-

162 3107 323 3184 Loudtaqe.
362 3107 440 3166 Kdln
466 3109 528 3166 aad
547 3107 640 3181 Neuss
665 3106 754 3166 1858.
783 3109 803 3165 4
831 3106 1034 3183 collegerunt,
1061 3108 1216 3184 aliquanto
1244 3111 1369 3184 certius,
1397 3133 1487 3190 qoam

161 3216 250 3268 antea
270 3207 381 3268 iactum
404 3217 465 3280 est,
487 3207 523 3265 de
546 3208 627 3266 omni
648 3207 704 3266 hec
725 3207 901 3284 quaestione
922 3206 1074 3267 iudicabit
1117 3208 1259 3286 Inprimis
1282 3229 1360 3270 nunc
1381 3214 1488 3290 expio·

161 3317 259 3368 ratum
280 3327 348 3368 esse
369 3309 487 3368 videtur

248 3410 278 3486 1)
305 3410 434 3470 concilia
460 3411 593 3487 gentium
620 3429 681 3468 non
704 3409 884 3468 Diocletiani
912 3417 964 3468 aut
985 3406 1175 3468 Constantini
1201 3417 1297 3469 aetate
1325 3422 1407 3484 orta,
1436 3415 1487 3473 sed

162 3513 222 3570 alia
243 3529 311 3571 esse
331 3512 501 3587 antiquiora
521 3511 686 3586 provincia,
707 3509 845 3569 eliasub
866 3509 971 3586 primis
993 3509 1221 3586 imperatoribus
1244 3510 1407 3584 exstitisse,
1429 3513 1488 3572 alia

162 3612 342 3689 procedente
366 3621 500 3688 tempore
528 3613 560 3670 in
580 3611 758 3688 provinciis,
786 3628 863 3686 quac
885 3610 1025 3687 deinceps
1046 3610 1172 3687 imperio
1193 3609 1331 3671 Romano
1353 3631 1487 3674 accesse-

164 3721 234 3773 rnnt
254 3731 321 3772 esse
342 3713 488 3773 instituta.

247 3813 280 3890 8)
310 3814 349 3872 ad
374 3813 532 3873 concilium
558 3813 668 3872 missos
690 3830 756 3873 esse
778 3813 907 3871 scortis
928 3811 1100 3889 provinciae
1121 3813 1214 3872 totius
1234 3811 1406 3872 civitatibus
1429 3834 1488 3876 non

162 3915 298 3974 flamines
320 3914 526 3990 municipales,
548 3913 601 3972 sed
623 3913 738 3989 legatos
760 3915 825 3972 sive
846 3903 995 3995 συνέδρους
1016 3912 1078 3972 aive
1091 3903 1307 3980 acroatioo'tooe,
1328 3913 1488 3990 dequibus

164 4035 192 4076 v.
208 4014 413 4090 Waddingtcn
434 4014 472 4072 ad
493 4034 523 4072 ιι.
538 4012 628 4084 1175,
651 4016 689 4072 ab
710 4014 807 4089 iisqne
830 4021 969 4072 creatum.
984 4030 1052 4072 esse
1074 4013 1259 4072 sacerdotem
1279 4016 1461 4092 provinciae.

249 4116 283 4192 8)
317 4113 507 4176 Sacerdotem
533 4115 704 4191 provinciae
732 4132 821 4173 unum
847 4114 941 4173 inisse
968 4115 1121 4191 crearique
1147 4113 1270 4173 solitum
1291 4133 1359 4176 esse
1381 4117 1489 4187 exiis,

164 4219 216 4293 qui
242 4226 296 4275 aut
322 4217 353 4276 in
380 4235 436 4276 ιιιι
459 4216 579 4274 civitate
607 4214 745 4274 omnibus
765 4215 930 4274 honoribus
950 4215 1044 4273 innoti
1065 4224 1168 4274 essent
1189 4223 1241 4273 aut
1261 4217 1300 4276 ad
1321 4227 1489 4294 equestrem
1518 4199 1522 4206 ’

163 4318 339 4394 dignitatem
364 4318 581 4395 pervenissent.
626 4315 677 4391 (V.
703 4324 820 4390 praeter
846 4316 1019 4374 testimonia
1040 4332 1133 4391 supra
1153 4316 1247 4375 allata
1268 4313 1343 4375 Cod.
1364 4317 1422 4376 Τ1ι.
1441 4316 1488 4388 18,

166 4421 194 4490 1,
210 4418 248 4477 77
271 4427 302 4476 et
328 4419 478 4494 egregiam
500 4415 654 4476 Huebneri
681 4414 913 4492 disputationem
939 4414 971 4471 II
992 4431 1020 4489 p.
1037 4414 1121 4489 541).
1165 4414 1233 4475 Huc
1260 4417 1390 4492 pertinet
1413 4413 1488 4474 (iod.

164 4516 434 4590 Th.12‚1,1482
465 4518 534 4577 &em
559 4534 646 4590 super
671 4516 831 4574 ordinando
859 4515 1003 4573 eacmdme
1025 4517 1192 4587 mamonae
1208 4515 1342 4588 publicem
1364 4525 1435 4574 esset
1454 4533 1488 4572 ee

164 4635 242 4679 mora
267 4627 420 4688 traam,
447 4617 521 4676 idem
545 4625 644 4675 noema
669 4619 836 4674 auctoritate
857 4614 995 4672 decretam
1016 4621 1071 4683 est,
1098 4621 1131 4669 at
1151 4613 1192 4669 cd
1211 4612 1355 4670 ammodo
1372 4617 1490 4688 patriae

165 4735 284 4778 manera
307 4720 470 4796 dianieeimi
492 4727 518 4776 et
537 4719 644 4775 morino
666 4724 692 4774 et
707 4715 898 4795 facultatibus
919 4712 1077 4788 elipantum
1099 4717 1129 4770 et
1149 4709 1238 4769 Pauli
1260 4709 1343 4772 Sent.
1367 4711 1395 4784 5,
1409 4712 1488 4772 30a:

166 4819 315 4879 Potitum
335 4823 536 4896 maymtratam
556 4816 603 4876 oei
619 4817 785 4892 prouinciae
805 4813 993 4874 sacerdotium
1014 4816 1041 4871 ai
1062 4813 1171 4871 turbam
1187 4811 1389 4888 auffrapicrum
1403 4829 1492 4871 cauea

164 4921 338 4992 mamaea,
360 4937 456 4980 aarum
477 4919 665 4986 advocaverit,
687 4915 810 4973 almmoe
831 4931 916 4990 quam
932 4912 1137 4972 multudinem
1151 4913 1325 4984 coadunent,
1348 4915 1490 4972 convena

166 5033 199 5080 ut
217 5025 261 5080 oie
279 5021 413 5098 potitam
433 5037 498 5079 reue
519 5023 551 5076 io
571 5017 696 5077 iamlam
717 5015 893 5091 deportatur.

251 5122 285 5198 4)
313 5119 484 5180 Conciliem
505 5117 667 5196 quotannis
688 5114 821 5173 habitum
839 5131 907 5174 esse
921 5113 1165 5189 sacerdotemque
1176 5112 1348 5189 provinciae
1362 5131 1492 5172 annuum

164 5223 264 5284 faisse
285 5223 346 5284 iem
368 5231 457 5282 antea
472 5217 634 5282 verisimile
655 5215 759 5277 haberi
779 5215 886 5294 potnit,
908 5215 1036 5292 primum
1057 5212 1148 5290 quod,
1170 5213 1222 5292 qui
1243 5212 1412 5274 sacerdotes
1434 5229 1493 5274 noo
