3712 5838
573 541 871 597 ossaavamoaas
888 543 1007 597 aaran.
1026 544 1108 596 xnr.
1426 535 1473 608 27
1478 540 1500 609 5

175 719 277 778 monio
297 716 461 776 nascituris
483 716 634 776 successio
655 717 740 792 regni
761 717 827 775 eius
850 716 978 776 daretur.
1022 718 1161 779 Obtinuit
1189 721 1221 780 id
1248 725 1350 800 puella
1381 731 1503 791 omnino

175 829 300 897 propter
319 827 445 878 matrem
466 834 649 893 quamquam
669 816 781 875 dudum
803 825 890 876 antea
910 817 1080 878 defunctam
1101 823 1199 897 gratia
1219 824 1324 885 domus
1342 829 1502 905 Antoniae,

176 939 266 1000 quam
288 937 324 979 co
345 918 413 994 ipso
435 927 569 994 tempore
589 918 717 976 multum
738 918 875 994 potuisse
896 921 975 996 apud
996 923 1166 997 Augustum
1188 933 1314 987 constat.
1345 929 1503 993 Italulius

176 1021 329 1080 Antonius
345 1019 494 1078 triumviri
508 1019 588 1078 iilius
603 1019 697 1078 donec
718 1019 756 1078 ob
771 1021 1004 1081 coniurationem
1018 1023 1108 1099 periit
1125 1044 1152 1084 a.
1170 1025 1239 1098 752,
1262 1029 1390 1104 primum
1405 1033 1502 1093 locum

177 1123 257 1200 apud
279 1141 346 1180 eum
365 1119 460 1179 tenuit
473 1128 544 1196 post
557 1121 714 1196 privignos
733 1139 918 1198 uxoremque
940 1122 1046 1182 ducere
1065 1126 1162 1200 potuit
1180 1137 1250 1203 post
1270 1148 1297 1189 a.
1314 1131 1373 1190 733
1388 1135 1503 1195 sororis

178 1223 309 1302 Augusti
335 1221 428 1280 filiam
455 1219 679 1296 Marcellam¹);
713 1221 846 1280 Antonia
876 1223 974 1282 minor
1001 1242 1088 1285 soror
1115 1227 1178 1286 eius
1205 1231 1307 1306 nupsit
1334 1251 1358 1292 c.
1386 1253 1414 1292 a.
1442 1234 1502 1295 738

177 1324 281 1384 Druso
312 1322 444 1401 Augusti
477 1323 615 1400 privigno
646 1329 677 1381 et
707 1323 927 1400 quodammodo
959 1325 1038 1396 filio;
1074 1325 1236 1405 Cleopatra
1272 1331 1346 1391 adeo
1383 1337 1503 1412 reginae

179 1426 311 1502 Aegypti
327 1426 465 1499 Angusto
486 1421 621 1482 infensae
635 1421 698 1482 lilia
715 1423 883 1481 adulterina
897 1423 990 1482 Iubae
1004 1425 1164 1486 Numidiae
1178 1431 1258 1506 regis
1272 1431 1335 1491 filio
1356 1435 1388 1493 in
1403 1439 1505 1495 matri·

178 1525 310 1584 monium
332 1524 403 1582 data
423 1524 540 1598 etipsa
566 1524 680 1599 regium
701 1525 845 1582 honorem
867 1525 977 1600 adepta
997 1534 1053 1584 est
1096 1527 1213 1588 Horum
1235 1551 1295 1591 non
1318 1535 1441 1610 ignarus
1461 1537 1505 1596 in·

179 1625 309 1702 telleget,
330 1642 382 1684 cur
404 1622 482 1683 alius
505 1623 616 1683 sororis
635 1623 745 1682 dudum
768 1624 924 1684 deiunctae
944 1626 1009 1684 filia
1021 1628 1139 1687 Asiana
1160 1630 1199 1688 ad
1220 1633 1336 1709 regium
1356 1635 1455 1696 locum
1477 1647 1508 1697 et

180 1727 248 1802 ipsa
259 1725 430 1803 pervenerit
443 1731 472 1784 et
486 1725 601 1800 posteri
615 1743 669 1783 cur
683 1725 861 1784 celebrarint
874 1737 999 1785 matrem
1014 1728 1078 1786 eius
1092 1731 1257 1791 Antoniam
1271 1728 1320 1804 τὴν
1334 1727 1505 1820 stirp-pirric.

264 1823 419 1902 Superest,
448 1833 481 1883 ut
505 1843 603 1903 pauca
628 1826 793 1885 adiciamus
823 1827 860 1886 de
885 1829 1014 1904 posteris
1034 1828 1248 1905 Pythodoridis
1275 1842 1305 1892 et
1323 1834 1507 1912 Polemonis,

181 1926 311 1986 maxime
334 1926 369 1985 de
391 1928 440 1998 iis,
463 1927 514 2002 qui
535 1926 629 1985 Marci
651 1906 777 1985 Antonii
803 1926 953 1986 dicuntur.
995 1928 1042 1986 Ea
1063 1929 1186 1988 nomina
1207 1932 1304 1992 adhuc
1326 1936 1506 1998 credidimus

180 2027 331 2104 proficisci
353 2046 371 2085 a
392 2027 512 2086 civitate
533 2027 689 2086 Polemoni
711 2027 861 2086 tributae
882 2029 922 2086 M.
945 2029 1077 2087 Antonio
1099 2030 1261 2106 triumviro,
1285 2037 1398 2112 pariter
1418 2046 1507 2115 atque

181 2111 351 2207 Bosporani
382 2145 469 2205 reges
501 2128 571 2186 inae
597 2148 616 2187 a
642 2127 764 2187 riberto
796 2129 985 2204 appellantur
1012 2130 1060 2188 u.
1089 2130 1168 2190 turn.
1211 2133 1254 2192 Aa
1282 2136 1429 2197 naamani
1458 2141 1508 2200 ae-

182 2230 346 2289 neminatio
368 2248 438 2288 num
460 2236 529 2289 ante
551 2229 713 2289 stabilitum
732 2228 848 2288 Romae
869 2229 1027 2306 imperium
1053 2232 1115 2308 regi
1137 2243 1242 2293 extero
1264 2254 1323 2296 non
1345 2239 1439 2298 intimi
1460 2260 1508 2300 or·

182 2330 261 2390 dinis
274 2331 348 2389 satis
362 2331 530 2401 conveniat,
544 2329 672 2388 dubitari
686 2337 797 2408 poteat;
812 2331 902 2390 hodie
917 2351 987 2390 vero
1002 2339 1161 2408 postquam
1180 2337 1320 2412 apparuit
1334 2339 1507 2402 Polemonis

182 2431 293 2491 liberos
314 2451 354 2490 ex
374 2432 580 2507 Pythodoride
607 2439 694 2490 natos
715 2430 896 2491 descendere
917 2451 956 2491 ex
977 2433 1125 2505 Antonia,
1152 2454 1239 2494 nemo
1260 2439 1368 2513 opinor
1388 2445 1510 2520 negabit

182 2533 305 2592 uomina
335 2533 388 2590 illa
419 2551 479 2590 non
506 2551 524 2589 a
550 2532 670 2591 civitate
698 2532 861 2608 proficisci,
889 2534 942 2591 sed
970 2553 989 2591 a
1017 2535 1119 2612 stirpis
1141 2537 1275 2614 principe
1296 2541 1331 2617 τῇ
1356 2534 1509 2623 εὐεργέτιδι

180 2625 326 2705 Ἀντωνίᾳ.
368 2633 405 2691 Id
427 2633 454 2691 si
475 2634 519 2691 ita
539 2643 599 2705 est,
622 2633 790 2692 Zenooides
816 2633 837 2690 ii
862 2634 913 2710 qni
935 2633 1073 2692 dicuntur
1093 2636 1135 2693 M.
1157 2638 1281 2696 Antonii
1303 2658 1364 2700 non
1384 2656 1511 2718 possunt

183 2734 288 2811 quaeri
308 2733 368 2793 nisi
389 2734 465 2792 inter
485 2741 621 2811 posteros
642 2733 867 2810 Pythodoridis.
911 2731 990 2794 Sane
1010 2735 1134 2796 Polemo
1150 2737 1365 2815 Pythodoridis
1387 2746 1511 2804 maritus

183 2837 365 2910 ubicumque
382 2841 563 2894 memoratur
584 2844 615 2894 ct
635 2835 714 2912 apud
729 2843 865 2895 auctores
886 2845 916 2893 et
932 2836 964 2894 in
978 2837 1107 2897 nummis
1121 2839 1286 2916 titulisque,
1307 2843 1389 2903 aliud
1404 2863 1512 2904 nomen

186 2953 245 2994 non
274 2935 405 2994 adsumit
431 2937 489 2994 nisi
517 2937 549 2994 in
576 2937 705 2996 nummis
734 2937 797 2996 suis
822 2928 985 3000 Εὐσεβοῦς.
1028 2939 1129 2998 Etiam
1155 2940 1242 3001 liberi
1270 2944 1334 3002 eius
1360 2945 1392 3003 in
1422 2947 1513 3008 docn-

161 3013 165 3020 ⁴
186 3037 293 3096 mentis
315 3038 403 3096 certis
424 3037 543 3095 nomine
558 3035 695 3095 Romano
717 3037 882 3108 abstinent3
903 3036 1031 3114 denique
1053 3039 1176 3100 ultimus
1197 3060 1252 3100 rex
1268 3042 1358 3103 Ponti
1375 3045 1513 3122 Polemo,

187 3155 276 3214 quem
301 3137 515 3214 Pythodoridis
540 3143 678 3213 nepotem
705 3136 805 3213 potius
831 3154 922 3212 quam
949 3137 1043 3195 tilium
1069 3138 1164 3198 foisse
1185 3141 1437 3220 Waddingtonius
1462 3148 1513 3206 do·

187 3238 257 3312 cuit,
279 3239 310 3297 in
331 3238 460 3296 nummis
481 3237 539 3295 hoc
561 3236 658 3295 solum
680 3255 787 3294 nomen
810 3236 918 3311 posuit.
955 3237 995 3295 M.
1018 3239 1144 3297 Antonii
1165 3240 1214 3298 vel
1235 3249 1315 3299 certe
1337 3245 1462 3304 Antonii
1483 3249 1514 3307 in

187 3339 244 3398 bac
269 3339 383 3398 familia
409 3338 460 3415 qui
488 3337 626 3396 dicuntur
653 3345 715 3394 tres
742 3342 826 3408 sunt,
855 3335 971 3413 primus
998 3337 1083 3396 cuius
1110 3349 1214 3399 extant
1243 3345 1357 3401 nummi
1394 3347 1439 3404 sic
1469 3347 1514 3406 in·

188 3441 306 3518 scriptit
339 3445 378 3497 M.
398 3431 546 3496 Ἀντωνίου
575 3426 738 3504 Ποὶέμωνος
770 3426 926 3518 ἀρχιερέως
958 3427 1100 3494 δυνάστου
1125 3429 1257 3505 ὈλΒὲοον
1287 3435 1338 3512 τῆς
1365 3443 1442 3528 ἱεροῖς
1466 3439 1516 3507 καὶ

189 3542 336 3599 Κεννατῶν
356 3529 405 3598 καὶ
419 3528 596 3598 Λαλασσέων
617 3528 725 3614 ξ’(τους)
747 3526 764 3594 t'
786 3537 834 3597 vel
856 3527 903 3608 ια’,
925 3537 1058 3614 quiquo
1079 3547 1211 3617 tempore
1232 3541 1352 3616 vixerit,
1373 3546 1434 3622 ipsi
1455 3567 1516 3610 non

191 3635 378 3722 aperiunt¹);
400 3639 508 3700 deinde
528 3641 556 3698 is
579 3639 631 3716 qui
650 3637 820 3698 nominatur
838 3639 870 3698 in
885 3640 1014 3698 nummis
1037 3641 1138 3717 oppidi
1154 3640 1332 3716 Laodiceae,
1353 3646 1384 3704 in
1406 3649 1516 3725 quibus

190 3745 228 3804 ab
250 3762 311 3803 una
331 3749 415 3821 parte
435 3741 545 3818 legitur
570 3733 657 3810 δῆμος
677 3729 835 3796 Λαοδικέων
860 3729 910 3796 uni
933 3733 1103 3822 Ζμυρνοιῖων,
1134 3742 1173 3800 ab
1201 3744 1297 3803 altera
1321 3735 1365 3804 tri
1397 3740 1515 3832 ἱερέως)

192 3835 415 3923 [Μ.]Ἀντωνοόυ
430 3832 621 3918 Uestinorum)
636 3837 699 3897 citou*
711 3829 836 3910 Ζήνωνος
848 3833 878 3898 ri
895 3829 930 3915 δ’,
943 3841 1194 3919 similibusque,⁸)
1209 3862 1287 3920 quos
1302 3848 1457 3924 probabile
1470 3861 1518 3911 est

190 3963 279 4008 cusos
300 3962 367 4005 esse
388 3942 604 4022 imperantibus
627 3939 754 4001 Claudio
782 3950 812 3999 et
831 3940 966 4014 Nerone3
995 3943 1099 4003 tertius
1128 3944 1266 4020 sophista
1285 3948 1437 4010 Antonius
1457 3950 1517 4010 Po·

269 4230 295 4295 ¹)
311 4231 443 4284 Plutarch.
462 4231 561 4282 Antan.
581 4231 624 4281 at.

269 4320 295 4385 ¹)
313 4323 490 4388 Waddington
508 4322 527 4372 l.
546 4337 567 4372 ο.
587 4337 613 4386 p.
635 4322 686 4372 lai
706 4333 751 4371 sos
769 4319 848 4371 refert
866 4319 901 4370 ad
919 4335 944 4370 a
965 4321 1026 4370 iil.
1047 4321 1113 4384 7253
1133 4321 1179 4372 sed
1196 4331 1300 4390 praeter
1317 4324 1345 4375 id
1357 4325 1428 4390 qnod
1439 4341 1518 4391 snpra

194 4414 385 4466 observavimus
404 4426 436 4464 aa
453 4418 537 4464 astate
555 4411 655 4462 nudum
673 4411 759 4462 adhuc
777 4425 832 4462 esse
849 4410 965 4475 potuisse
981 4409 1020 4461 M.
1038 4411 1182 4461 Anmnium
1196 4412 1372 4476 Polemonem,
1392 4416 1519 4468 eiusmodi

195 4506 318 4572 temporis
335 4503 517 4556 determinatio
534 4501 672 4556 difficulter
690 4501 841 4552 conciliatur
858 4516 916 4552 cum
935 4501 975 4563 iis,
995 4514 1060 4565 quas
1078 4500 1111 4551 ds
1123 4501 1274 4552 Olbensium
1293 4502 1412 4568 dynastia
1423 4505 1518 4558 Strabo

195 4597 292 4650 scribit.

273 4685 299 4750 ¹)
317 4685 496 4749 Waddingtoo
513 4683 532 4734 l.
551 4699 573 4733 c.
592 4696 619 4747 p.
639 4682 701 4744 1³1,
721 4681 765 4747 qul
784 4680 868 4733 eidem
887 4681 986 4732 bomini
1004 4679 1119 4731 attribuit
1135 4695 1255 4734 nummos
1275 4683 1341 4736 utos
1357 4685 1520 4738 Laodicenos

197 4785 257 4841 tres,
276 4779 304 4828 in
322 4777 414 4843 quibus
432 4789 526 4826 nomeu
546 4774 582 4824 sic
602 4771 717 4823 effertur:
737 4767 780 4820 tet
799 4767 829 4820 is.
864 4763 976 4835 Ζήνωνος
993 4769 1045 4820 Πο.
1059 4767 1094 4819 oi.
1106 4761 1137 4819 ad
1157 4760 1179 4820 δ’
1194 4779 1220 4822 ct
1230 4768 1383 4842 usleipam
1400 4773 1456 4827 οἱοῦ
1468 4765 1521 4841 Zn'-

199 4883 280 4926 νωνος.
317 4869 417 4918 Horum
436 4865 488 4916 duo
506 4865 613 4916 nomina
630 4863 727 4914 habeat
745 4861 848 4914 Claudii
866 4867 891 4912 st
909 4861 1034 4924 Neronis,
1059 4862 1124 4912 dnos
1145 4862 1258 4928 reliquos
1276 4865 1418 4921 litterarum
1435 4868 1520 4920 torma

199 4965 226 5010 ct
242 4959 305 5011 artis
323 4959 479 5024 proprietate
497 4956 675 5010 Neronianum
694 4961 793 5019 tempus
810 4952 907 5004 reterre
925 4951 1143 5018 Wsddingtonins
1161 4953 1257 5005 scribit.
