3742 5826
378 490 449 559 150
946 501 1128 555 nouusuu

457 679 486 736 3.
528 677 564 736 L.
587 675 769 752 Calpurnius
790 674 863 733 Piso
890 673 997 732 consul
1018 693 1046 732 a.
1061 671 1111 743 57,
1141 671 1220 730 lilius
1242 671 1277 729 L.
1301 671 1422 730 Pisonis
1442 673 1575 733 consulis
1602 694 1630 733 a.
1646 673 1697 746 67,

374 779 545 838 interfectus
566 778 598 836 in
620 775 723 834 Africa
743 794 769 832 a.
788 775 837 846 69,
858 774 895 832 de
916 793 976 851 quo
998 773 1060 832 dixi
1082 773 1111 832 iu
1133 773 1230 832 indice
1250 773 1390 832 Pliniano
1413 792 1443 850 p.
1459 774 1531 833 405.

458 880 500 937 Hi
521 886 581 936 tres
604 876 642 935 ad
659 876 792 935 Atticum
814 877 930 934 titulum
953 893 1032 946 eum,
1054 875 1091 933 de
1112 891 1172 950 quo
1195 874 1321 950 egimus,
1342 893 1397 950 per
1418 891 1451 932 se
1472 875 1538 952 pari
1559 875 1624 933 iure
1646 876 1698 934 ad-

375 980 452 1039 mitti
478 995 569 1056 posse
591 979 741 1049 videntum
768 977 904 1036 similiter
929 985 962 1034 ut
988 976 1036 1034 cui
1062 974 1152 1033 simul
1179 981 1278 1033 statua
1301 975 1404 1051 posita
1429 984 1475 1034 est
1499 977 1540 1034 M.
1562 975 1698 1036 Licinius

374 1081 415 1139 M.
438 1079 568 1156 tFrugi
589 1087 689 1156 potest
709 1078 804 1136 luisse
826 1087 857 1137 et
876 1076 981 1136 consul
1001 1095 1029 1134 a.
1046 1076 1084 1134 27
1105 1082 1136 1134 et
1157 1075 1264 1134 consul
1285 1094 1312 1134 a.
1330 1075 1379 1134 64.
1415 1075 1577 1134 Videamus
1599 1078 1698 1153 igitur,

375 1201 444 1240 uum
472 1183 550 1240 inter
570 1180 626 1237 has
647 1197 792 1256 personas
814 1196 869 1254 par
890 1177 1013 1254 aliquod
1033 1176 1201 1254 reperiatur
1221 1178 1264 1234 ita
1284 1176 1489 1249 coniunctum,
1515 1188 1548 1236 ut
1568 1179 1696 1237 necessi-

374 1283 445 1341 tudo
475 1282 687 1341 dubitationem
716 1279 837 1338 eximat.
888 1275 949 1337 Sed
978 1287 1011 1336 ut
1038 1277 1075 1336 de
1103 1278 1160 1335 hac
1188 1277 1406 1336 necessitudine
1435 1285 1513 1336 recte
1541 1279 1697 1351 iudicetur,

374 1391 463 1442 autea
476 1382 634 1442 videndum
650 1391 705 1454 est,
727 1400 798 1439 num
818 1380 894 1438 torte
909 1379 1099 1438 determinari
1112 1379 1218 1456 possit,
1241 1387 1308 1438 uter
1321 1397 1424 1438 eorum
1439 1380 1571 1438 virorum
1584 1379 1616 1438 in
1631 1380 1697 1440 bosi

373 1486 428 1543 illa
455 1484 568 1559 duplici
595 1484 694 1541 locum
723 1482 944 1539 honoratiorem
973 1489 1108 1557 occupet.
1150 1480 1187 1538 Id
1214 1498 1253 1538 ex
1282 1479 1350 1556 ipsa
1377 1479 1573 1539 collocatione
1601 1480 1696 1539 decidi

373 1604 464 1664 posse
492 1583 612 1662 negavit
632 1581 856 1658 Ditteuberger3
883 1581 1006 1657 reperiri
1029 1581 1157 1640 Athenis
1182 1581 1273 1640 bases
1298 1579 1373 1639 duas
1401 1581 1487 1640 binas
1510 1588 1625 1640 statuas
1646 1583 1696 1640 ha·

375 1689 493 1758 beutes,
521 1703 646 1762 quarum
672 1684 768 1742 altera
793 1691 908 1758 patrem
928 1681 1051 1740 Eubioti
1072 1681 1227 1740 cuiusdam
1247 1681 1356 1739 habeat
1376 1681 1502 1740 intuenti
1524 1701 1543 1740 a
1564 1683 1695 1754 sinistra,

374 1797 500 1846 matrem
524 1785 656 1844 eiusdem
683 1804 700 1843 e
727 1783 846 1855 dextra,
873 1783 968 1840 altera
988 1783 1116 1841 intuenti
1136 1803 1156 1842 a
1176 1783 1299 1842 sinistra
1321 1780 1478 1841 Claudiam
1500 1783 1696 1842 Athenaidem

374 1888 477 1948 nescio
502 1905 606 1962 quam,
634 1905 654 1944 a
680 1884 787 1943 dextra
808 1884 856 1942 Ti.
880 1882 1038 1944 Claudium
1060 1883 1213 1943 Herodem
1234 1883 1369 1941 Atticum
1396 1893 1476 1942 certe
1496 1883 1551 1942 illa
1570 1885 1696 1943 honora·

374 1990 489 2048 tiorem.
532 1987 575 2046 At
599 1987 631 2044 iu
656 1987 713 2044 hoo
739 1993 842 2044 nostro
869 1984 955 2044 titulo
981 1985 1111 2062 priorem
1136 1985 1235 2044 locum
1260 1984 1393 2042 obtinere
1414 1985 1510 2072 virum
1531 1985 1657 2044 intuenti
1678 2007 1697 2046 a

374 2091 495 2150 sinistra
515 2089 645 2165 positum
666 2086 735 2145 inde
756 2085 880 2163 colligo,
908 2084 988 2162 quod
1009 2086 1206 2161 praescriptio
1228 2084 1267 2144 ad
1288 2094 1446 2162 utrumque
1466 2085 1584 2144 titulum
1606 2086 1695 2163 perti·

372 2209 447 2250 nens
477 2188 490 2246 ὅ
512 2183 599 2259 δῆμος
620 2189 689 2246 huic
711 2188 768 2246 soli
790 2185 981 2263 superposita
1002 2195 1056 2245 est.
1101 2183 1199 2260 Quem
1219 2187 1258 2245 ob
1279 2173 1349 2244 rem'
1363 2186 1524 2262 quaerendi
1546 2196 1615 2246 sunt
1636 2189 1696 2246 duo

373 2293 508 2352 homiues
529 2299 594 2348 arta
615 2289 795 2347 necessitate
816 2285 976 2359 coniuncti,
998 2305 1123 2363 quorum
1139 2288 1225 2363 prior
1237 2295 1267 2348 et
1280 2289 1380 2366 potior
1393 2288 1561 2365 appelletur
1574 2288 1611 2348 L.
1627 2286 1695 2348 Oai·

373 2393 498 2470 purnius
518 2390 554 2450 L.
577 2390 597 2447 l.
620 2389 704 2460 Piso,
727 2389 803 2446 alter
823 2388 864 2444 M.
886 2387 1021 2446 Licinius
1043 2389 1084 2446 M.
1106 2388 1127 2446 f.
1150 2387 1254 2466 Frugi.

457 2491 531 2550 Mihi
552 2492 658 2549 harum
679 2489 810 2568 gentium
833 2490 1025 2565 cognationes
1047 2489 1266 2566 affinitatesque
1287 2491 1468 2567 expendenti
1490 2491 1565 2549 duae
1580 2491 1696 2550 couiec·

374 2605 458 2654 turae
483 2611 515 2652 se
543 2585 769 2665 obtuleruut¹),
798 2607 923 2668 quarum
950 2590 1019 2648 licet
1044 2590 1168 2648 alteram
1195 2590 1289 2651 altera
1308 2591 1538 2668 probabiliorem
1558 2591 1694 2664 iudicem,

374 2704 474 2754 tamen
502 2712 539 2750 ne
567 2691 700 2750 fraudem
727 2690 836 2749 t'eoisse
865 2691 968 2750 videar
995 2691 1146 2750 reticendo
1173 2692 1270 2750 minus
1299 2692 1497 2768 probabilem,
1530 2711 1695 2768 proponam

374 2803 538 2872 utramque.
580 2793 715 2850 Primum
738 2808 831 2868 supra
850 2790 979 2851 vidimus
1000 2793 1040 2850 M.
1058 2790 1163 2850 Crassi
1185 2791 1279 2868 Frugi
1299 2793 1434 2854 consulis
1456 2812 1483 2852 a.
1500 2792 1540 2851 64
1561 2811 1695 2853 sororem

372 2896 513 2975 nupsisse
533 2893 569 2952 L.
592 2892 698 2951 Pisoni
718 2892 852 2969 pontifici
872 2893 1043 2968 eidemque,
1069 2893 1130 2950 nisi
1149 2903 1255 2952 nostra
1276 2911 1331 2952 nos
1351 2893 1431 2954 fallit
1452 2893 1601 2968 opinatio,
1626 2911 1695 2952 oon·

374 2997 432 3056 suli
458 3015 485 3053 a.
501 2994 550 3053 57.
592 2991 635 3052 Hi
661 2993 720 3050 duo
748 2993 839 3051 frater
868 2994 1041 3068 sororisque
1067 2993 1192 3052 maritus
1218 3012 1277 3052 non
1299 2995 1398 3070 inepte
1418 3003 1579 3068 potuerunt
1600 2992 1694 3052 eidem

372 3097 438 3157 basi
465 3095 591 3172 imponi,
620 3113 674 3153 neo
701 3093 764 3152 siue
791 3111 880 3152 causa
902 3093 1079 3170 praecedere
1100 3093 1127 3152 is
1149 3091 1205 3170 qui
1221 3093 1303 3171 prior
1323 3113 1425 3154 eorum
1447 3093 1487 3152 ad
1507 3095 1695 3154 consulatum

372 3197 564 3273 pervenisset.
587 3227 625 3238 -
657 3195 699 3252 At
724 3195 751 3252 si
777 3214 846 3254 rere
873 3211 965 3270 supra
990 3195 1146 3272 posuimus
1171 3193 1208 3253 L.
1231 3195 1374 3256 Pisonem
1402 3195 1555 3254 consulem
1586 3215 1614 3254 a.
1634 3194 1694 3253 739

371 3307 485 3376 patrem
512 3297 677 3355 naturalem
703 3295 796 3356 fuisse
825 3295 865 3354 M.
889 3293 992 3355 Crassi
1015 3294 1110 3373 Frugi
1136 3295 1269 3354 consulis
1295 3314 1322 3354 a.
1339 3296 1390 3369 27,
1415 3298 1503 3373 longe
1527 3297 1627 3373 aptius
1651 3296 1695 3354 ita

371 3401 533 3478 iunguntur
554 3403 638 3472 pater
660 3401 689 3456 et
709 3396 802 3468 filius,
823 3415 947 3472 eamque
968 3398 1169 3456 coniecturam
1191 3395 1251 3455 iam
1271 3397 1418 3473 praefero.

449 3670 472 3733 ¹)
501 3671 651 3736 Nipperdeii
675 3670 719 3732 (ed
738 3671 800 3721 Tae.
821 3685 880 3721 ann.
900 3670 985 3732 6,10)
1009 3671 1155 3721 coniectura
1173 3672 1358 3736 intellegendos
1378 3687 1433 3722 esse
1450 3673 1481 3722 1..
1500 3672 1622 3722 Pisonem
1640 3687 1692 3722 cos.

371 3778 395 3813 a.
406 3763 458 3812 739
477 3767 502 3810 et
520 3761 558 3810 M.
576 3761 695 3812 Crassum
715 3776 767 3810 eor.
786 3776 809 3810 a.
824 3763 886 3821 740,
907 3776 971 3825 quos
989 3775 1112 3824 genemm
1130 3776 1297 3826 socerumque
1316 3777 1371 3812 esse
1389 3769 1469 3827 putat,
1490 3777 1546 3812 cum
1568 3763 1600 3812 iis
1618 3777 1691 3826 argu

371 3853 462 3903 mentis
480 3850 613 3912 refutatur,
637 3866 703 3915 qnae
721 3865 798 3915 supra
816 3851 898 3912 attuli,
918 3857 971 3900 tum
991 3851 1060 3915 quod
1079 3853 1115 3902 ita
1132 3859 1296 3918 praepostere
1313 3868 1393 3917 gener
1410 3866 1500 3903 socero
1518 3854 1691 3919 praeponitur.

371 3943 400 3995 Si
424 3943 468 4007 qul
491 3941 585 4005 cogitet
603 3942 634 3990 de
653 3941 773 3992 frutribus
791 3942 829 3991 M.
843 3941 936 3992 Crasso
955 3943 1034 4006 Frugi
1053 3958 1105 3993 cos.
1125 3957 1149 3992 a.
1164 3943 1199 3994 64
1217 3951 1243 3992 et
1260 3946 1290 3995 1..
1310 3944 1406 3994 Pisone
1425 3944 1546 4008 adoptato
1565 3959 1581 3994 a
1598 3943 1690 4006 Galba,

369 4035 429 4082 item
454 4032 577 4092 obstabit,
602 4033 672 4097 quod
695 4033 731 4083 ita
754 4033 836 4083 maior
856 4032 936 4083 freter
959 4033 1052 4084 minori
1075 4034 1160 4084 locum
1179 4035 1260 4098 eedit;
1282 4041 1416 4100 praeterea
1433 4035 1554 4084 Pisonem
1574 4050 1631 4084 eum
1650 4034 1691 4084 M.

369 4121 450 4172 tilium
474 4137 543 4182 esse,
567 4137 618 4172 uon
642 4123 715 4173 Lucii
738 4139 815 4187 supra
836 4124 946 4175 vidimus
969 4139 1017 4176 neo
1039 4132 1108 4175 reete
1132 4126 1214 4175 omitti
1239 4127 1321 4190 potuit
1339 4141 1481 4191 cognomen
1500 4125 1690 4192 quodammodo

368 4203 449 4274 κ6ριον
466 4213 603 4264 Liciniani.
