<?xml version="1.0" encoding="UTF-8"?>
<!DOCTYPE html PUBLIC "-//W3C//DTD XHTML 1.0 Transitional//EN"
    "http://www.w3.org/TR/xhtml1/DTD/xhtml1-transitional.dtd">
<html xmlns="http://www.w3.org/1999/xhtml" xml:lang="en" lang="en">
 <head>
  <title>
</title>
<meta http-equiv="Content-Type" content="text/html;charset=utf-8" />
  <meta name='ocr-system' content='tesseract 3.04.00' />
  <meta name='ocr-capabilities' content='ocr_page ocr_carea ocr_par ocr_line ocrx_word'/>
</head>
<body>
  <div class='ocr_page' id='page_1' title='image "./ephemerisepigra04instgoog_0252.png"; bbox 0 0 3712 5838; ppageno 0'>
   <div class='ocr_carea' id='block_1_1' title="bbox 185 578 1511 720">
    <p class='ocr_par' dir='ltr' id='par_1_1' title="bbox 185 578 1511 720">
     <span class='ocr_line' id='line_1_1' title="bbox 652 578 1511 661; baseline 0.036 -31"><span class='ocrx_word' id='word_1_1' title='bbox 652 578 701 631; x_wconf 83' lang='lat' dir='ltr'><strong>aa</strong></span> <span class='ocrx_word' id='word_1_2' title='bbox 727 581 870 635; x_wconf 79' lang='lat' dir='ltr'><strong>urrvnrs</strong></span> <span class='ocrx_word' id='word_1_3' title='bbox 895 581 1053 639; x_wconf 68' lang='lat' dir='ltr'><strong>errrore.</strong></span> <span class='ocrx_word' id='word_1_4' title='bbox 1438 586 1511 661; x_wconf 75' lang='lat'><strong>247</strong></span> 
     </span>
     <span class='ocr_line' id='line_1_2' title="bbox 185 673 1511 720; baseline 0.038 -49"><span class='ocrx_word' id='word_1_5' title='bbox 185 673 1511 720; x_wconf 41' lang='grc' dir='ltr'>Ἣ</span> 
     </span>
    </p>
   </div>
   <div class='ocr_carea' id='block_1_2' title="bbox 184 745 1511 4743">
    <p class='ocr_par' dir='ltr' id='par_1_2' title="bbox 184 745 1511 1828">
     <span class='ocr_line' id='line_1_3' title="bbox 185 745 1511 842; baseline 0.027 -41"><span class='ocrx_word' id='word_1_6' title='bbox 185 747 250 804; x_wconf 84' lang='lat' dir='ltr'><strong>sive</strong></span> <span class='ocrx_word' id='word_1_7' title='bbox 271 745 469 804; x_wconf 87' lang='lat' dir='ltr'><strong>ordinandum</strong></span> <span class='ocrx_word' id='word_1_8' title='bbox 490 755 601 806; x_wconf 89' lang='lat' dir='ltr'><strong>statum</strong></span> <span class='ocrx_word' id='word_1_9' title='bbox 622 750 782 810; x_wconf 85' lang='lat' dir='ltr'><strong>liberarum</strong></span> <span class='ocrx_word' id='word_1_10' title='bbox 796 755 961 827; x_wconf 87' lang='lat' dir='ltr'><strong>civitatum,</strong></span> <span class='ocrx_word' id='word_1_11' title='bbox 983 776 1060 833; x_wconf 85' lang='lat' dir='ltr'><strong>quac</strong></span> <span class='ocrx_word' id='word_1_12' title='bbox 1080 760 1276 822; x_wconf 88' lang='lat' dir='ltr'><strong>iurisdictioui</strong></span> <span class='ocrx_word' id='word_1_13' title='bbox 1294 779 1511 842; x_wconf 86' lang='lat' dir='ltr'><strong>proconsulum</strong></span> 
     </span>
     <span class='ocr_line' id='line_1_4' title="bbox 187 845 1509 942; baseline 0.027 -39"><span class='ocrx_word' id='word_1_14' title='bbox 187 845 325 905; x_wconf 90' lang='lat' dir='ltr'><strong>subditae</strong></span> <span class='ocrx_word' id='word_1_15' title='bbox 354 865 414 904; x_wconf 91' lang='lat' dir='ltr'><strong>non</strong></span> <span class='ocrx_word' id='word_1_16' title='bbox 442 857 553 907; x_wconf 89' lang='lat' dir='ltr'><strong>esseut.</strong></span> <span class='ocrx_word' id='word_1_17' title='bbox 597 848 675 924; x_wconf 84' lang='lat' dir='ltr'><strong>(Cir.</strong></span> <span class='ocrx_word' id='word_1_18' title='bbox 703 871 779 927; x_wconf 87' lang='lat' dir='ltr'><strong>quae</strong></span> <span class='ocrx_word' id='word_1_19' title='bbox 806 855 843 912; x_wconf 88' lang='lat' dir='ltr'><strong>de</strong></span> <span class='ocrx_word' id='word_1_20' title='bbox 868 875 904 913; x_wconf 87' lang='lat' dir='ltr'><strong>ea</strong></span> <span class='ocrx_word' id='word_1_21' title='bbox 929 875 961 914; x_wconf 88' lang='lat' dir='ltr'><strong>re</strong></span> <span class='ocrx_word' id='word_1_22' title='bbox 988 861 1129 936; x_wconf 86' lang='lat' dir='ltr'><strong>exposuit</strong></span> <span class='ocrx_word' id='word_1_23' title='bbox 1154 861 1300 942; x_wconf 79' lang='lat' dir='ltr'><strong>Borghesi</strong></span> <span class='ocrx_word' id='word_1_24' title='bbox 1328 869 1408 931; x_wconf 89' lang='lat' dir='ltr'><strong>Ann.</strong></span> <span class='ocrx_word' id='word_1_25' title='bbox 1436 877 1509 938; x_wconf 89' lang='lat' dir='ltr'><strong>lust.</strong></span> 
     </span>
     <span class='ocr_line' id='line_1_5' title="bbox 184 946 1509 1039; baseline 0.026 -35"><span class='ocrx_word' id='word_1_26' title='bbox 184 946 275 1005; x_wconf 88' lang='lat' dir='ltr'><strong>XXV</strong></span> <span class='ocrx_word' id='word_1_27' title='bbox 306 946 417 1024; x_wconf 81' lang='lat'>(1853)</span> <span class='ocrx_word' id='word_1_28' title='bbox 449 969 478 1024; x_wconf 92' lang='lat' dir='ltr'><strong>p.</strong></span> <span class='ocrx_word' id='word_1_29' title='bbox 514 947 645 1027; x_wconf 66' lang='lat' dir='ltr'><strong>lllsqq.</strong></span> <span class='ocrx_word' id='word_1_30' title='bbox 679 952 741 1010; x_wconf 87' lang='lat' dir='ltr'><strong>sive</strong></span> <span class='ocrx_word' id='word_1_31' title='bbox 775 953 911 1029; x_wconf 81' lang='lat' dir='ltr'><strong>Opp.-v</strong></span> <span class='ocrx_word' id='word_1_32' title='bbox 943 976 972 1033; x_wconf 88' lang='lat' dir='ltr'><strong>p.</strong></span> <span class='ocrx_word' id='word_1_33' title='bbox 994 957 1123 1037; x_wconf 77' lang='lat' dir='ltr'><strong>tltsq.)</strong></span> <span class='ocrx_word' id='word_1_34' title='bbox 1172 962 1253 1023; x_wconf 88' lang='lat' dir='ltr'><strong>Inter</strong></span> <span class='ocrx_word' id='word_1_35' title='bbox 1278 968 1390 1033; x_wconf 85' lang='lat' dir='ltr'><strong>liberas</strong></span> <span class='ocrx_word' id='word_1_36' title='bbox 1420 981 1509 1039; x_wconf 89' lang='lat' dir='ltr'><strong>urbes</strong></span> 
     </span>
     <span class='ocr_line' id='line_1_6' title="bbox 186 1039 1509 1146; baseline 0.026 -41"><span class='ocrx_word' id='word_1_37' title='bbox 186 1039 319 1105; x_wconf 83' lang='lat' dir='ltr'><strong>Achaiae</strong></span> <span class='ocrx_word' id='word_1_38' title='bbox 346 1056 445 1106; x_wconf 85' lang='lat' dir='ltr'><strong>autem</strong></span> <span class='ocrx_word' id='word_1_39' title='bbox 471 1049 637 1126; x_wconf 84' lang='lat' dir='ltr'><strong>principem</strong></span> <span class='ocrx_word' id='word_1_40' title='bbox 663 1053 763 1110; x_wconf 93' lang='lat' dir='ltr'><strong>locum</strong></span> <span class='ocrx_word' id='word_1_41' title='bbox 790 1056 930 1114; x_wconf 88' lang='lat' dir='ltr'><strong>tenebant</strong></span> <span class='ocrx_word' id='word_1_42' title='bbox 955 1058 1106 1132; x_wconf 85' lang='lat' dir='ltr'><strong>Athenae,</strong></span> <span class='ocrx_word' id='word_1_43' title='bbox 1132 1063 1175 1121; x_wconf 82' lang='lat' dir='ltr'><strong>ita</strong></span> <span class='ocrx_word' id='word_1_44' title='bbox 1196 1075 1229 1124; x_wconf 91' lang='lat' dir='ltr'><strong>ut</strong></span> <span class='ocrx_word' id='word_1_45' title='bbox 1249 1067 1298 1128; x_wconf 92' lang='lat' dir='ltr'><strong>hic</strong></span> <span class='ocrx_word' id='word_1_46' title='bbox 1319 1076 1509 1146; x_wconf 87' lang='lat' dir='ltr'><strong>potissimum</strong></span> 
     </span>
     <span class='ocr_line' id='line_1_7' title="bbox 184 1147 1511 1247; baseline 0.026 -42"><span class='ocrx_word' id='word_1_47' title='bbox 184 1147 254 1206; x_wconf 91' lang='lat' dir='ltr'><strong>illos</strong></span> <span class='ocrx_word' id='word_1_48' title='bbox 275 1148 391 1224; x_wconf 86' lang='lat' dir='ltr'><strong>legatos</strong></span> <span class='ocrx_word' id='word_1_49' title='bbox 413 1158 619 1210; x_wconf 83' lang='lat' dir='ltr'><strong>commoratos</strong></span> <span class='ocrx_word' id='word_1_50' title='bbox 637 1170 702 1211; x_wconf 87' lang='lat' dir='ltr'><strong>esse</strong></span> <span class='ocrx_word' id='word_1_51' title='bbox 726 1162 954 1216; x_wconf 86' lang='lat' dir='ltr'><strong>consentancum</strong></span> <span class='ocrx_word' id='word_1_52' title='bbox 978 1159 1031 1230; x_wconf 90' lang='lat' dir='ltr'><strong>sit;</strong></span> <span class='ocrx_word' id='word_1_53' title='bbox 1058 1179 1149 1236; x_wconf 89' lang='lat' dir='ltr'><strong>quare</strong></span> <span class='ocrx_word' id='word_1_54' title='bbox 1175 1185 1212 1223; x_wconf 86' lang='lat' dir='ltr'><strong>ne</strong></span> <span class='ocrx_word' id='word_1_55' title='bbox 1238 1168 1268 1227; x_wconf 92' lang='lat' dir='ltr'><strong>id</strong></span> <span class='ocrx_word' id='word_1_56' title='bbox 1293 1173 1411 1247; x_wconf 88' lang='lat' dir='ltr'><strong>quidem</strong></span> <span class='ocrx_word' id='word_1_57' title='bbox 1440 1198 1511 1242; x_wconf 89' lang='lat' dir='ltr'><strong>casu</strong></span> 
     </span>
     <span class='ocr_line' id='line_1_8' title="bbox 184 1248 1510 1353; baseline 0.026 -48"><span class='ocrx_word' id='word_1_58' title='bbox 184 1248 295 1307; x_wconf 79' lang='lat' dir='ltr'><strong>facturn</strong></span> <span class='ocrx_word' id='word_1_59' title='bbox 318 1249 444 1321; x_wconf 83' lang='lat' dir='ltr'><strong>videtur,</strong></span> <span class='ocrx_word' id='word_1_60' title='bbox 466 1252 546 1326; x_wconf 91' lang='lat' dir='ltr'><strong>quod</strong></span> <span class='ocrx_word' id='word_1_61' title='bbox 567 1253 597 1309; x_wconf 91' lang='lat' dir='ltr'><strong>in</strong></span> <span class='ocrx_word' id='word_1_62' title='bbox 613 1253 857 1326; x_wconf 87' lang='lat' dir='ltr'><strong>tituloAfricano</strong></span> <span class='ocrx_word' id='word_1_63' title='bbox 872 1256 1027 1317; x_wconf 86' lang='lat' dir='ltr'><strong>Pactumei</strong></span> <span class='ocrx_word' id='word_1_64' title='bbox 1042 1259 1205 1324; x_wconf 85' lang='lat' dir='ltr'><strong>Clementis</strong></span> <span class='ocrx_word' id='word_1_65' title='bbox 1224 1286 1312 1343; x_wconf 87' lang='lat' dir='ltr'><strong>quern</strong></span> <span class='ocrx_word' id='word_1_66' title='bbox 1327 1272 1510 1353; x_wconf 86' lang='lat' dir='ltr'><strong>Borghesius</strong></span> 
     </span>
     <span class='ocr_line' id='line_1_9' title="bbox 185 1348 1510 1448; baseline 0.026 -41"><span class='ocrx_word' id='word_1_67' title='bbox 185 1349 273 1408; x_wconf 85' lang='lat' dir='ltr'><strong>affert</strong></span> <span class='ocrx_word' id='word_1_68' title='bbox 294 1348 552 1424; x_wconf 88' lang='lat' dir='ltr'><strong>(Orelli-Henzen</strong></span> <span class='ocrx_word' id='word_1_69' title='bbox 572 1352 668 1429; x_wconf 81' lang='lat'>6483)</span> <span class='ocrx_word' id='word_1_70' title='bbox 695 1353 833 1414; x_wconf 77' lang='lat' dir='ltr'><strong>Athenae</strong></span> <span class='ocrx_word' id='word_1_71' title='bbox 855 1358 1020 1433; x_wconf 86' lang='lat' dir='ltr'><strong>principem</strong></span> <span class='ocrx_word' id='word_1_72' title='bbox 1048 1361 1146 1421; x_wconf 89' lang='lat' dir='ltr'><strong>locum</strong></span> <span class='ocrx_word' id='word_1_73' title='bbox 1168 1373 1270 1426; x_wconf 87' lang='lat' dir='ltr'><strong>tenent</strong></span> <span class='ocrx_word' id='word_1_74' title='bbox 1291 1371 1414 1448; x_wconf 80' lang='lat' dir='ltr'><strong>(lepatas</strong></span> <span class='ocrx_word' id='word_1_75' title='bbox 1435 1382 1510 1440; x_wconf 88' lang='lat' dir='ltr'><strong>Diui</strong></span> 
     </span>
     <span class='ocr_line' id='line_1_10' title="bbox 186 1449 1510 1542; baseline 0.026 -35"><span class='ocrx_word' id='word_1_76' title='bbox 186 1449 336 1508; x_wconf 75' lang='lat' dir='ltr'><strong>Hadriani</strong></span> <span class='ocrx_word' id='word_1_77' title='bbox 350 1451 471 1511; x_wconf 80' lang='lat' dir='ltr'><strong>Athenis</strong></span> <span class='ocrx_word' id='word_1_78' title='bbox 489 1454 619 1529; x_wconf 73' lang='lat' dir='ltr'><strong>Thespiis</strong></span> <span class='ocrx_word' id='word_1_79' title='bbox 634 1454 747 1514; x_wconf 87' lang='lat' dir='ltr'><strong>Plateis</strong></span> <span class='ocrx_word' id='word_1_80' title='bbox 768 1461 831 1515; x_wconf 84' lang='lat' dir='ltr'><strong>itam</strong></span> <span class='ocrx_word' id='word_1_81' title='bbox 852 1462 882 1516; x_wconf 83' lang='lat' dir='ltr'><strong>ia</strong></span> <span class='ocrx_word' id='word_1_82' title='bbox 902 1459 1074 1536; x_wconf 74' lang='lat' dir='ltr'><strong>Thessalia).</strong></span> <span class='ocrx_word' id='word_1_83' title='bbox 1110 1463 1175 1522; x_wconf 88' lang='lat' dir='ltr'><strong>Iam</strong></span> <span class='ocrx_word' id='word_1_84' title='bbox 1199 1468 1225 1524; x_wconf 91' lang='lat' dir='ltr'><strong>si</strong></span> <span class='ocrx_word' id='word_1_85' title='bbox 1246 1471 1335 1530; x_wconf 88' lang='lat' dir='ltr'><strong>etiarn</strong></span> <span class='ocrx_word' id='word_1_86' title='bbox 1350 1477 1510 1542; x_wconf 88' lang='lat' dir='ltr'><strong>Aemilium</strong></span> 
     </span>
     <span class='ocr_line' id='line_1_11' title="bbox 186 1550 1511 1644; baseline 0.025 -37"><span class='ocrx_word' id='word_1_87' title='bbox 186 1550 311 1609; x_wconf 89' lang='lat' dir='ltr'><strong>Iuncum</strong></span> <span class='ocrx_word' id='word_1_88' title='bbox 339 1553 486 1612; x_wconf 88' lang='lat' dir='ltr'><strong>eiusmodi</strong></span> <span class='ocrx_word' id='word_1_89' title='bbox 517 1555 647 1632; x_wconf 87' lang='lat' dir='ltr'><strong>legatum</strong></span> <span class='ocrx_word' id='word_1_90' title='bbox 676 1556 806 1631; x_wconf 82' lang='lat' dir='ltr'>Augusti</span> <span class='ocrx_word' id='word_1_91' title='bbox 837 1577 893 1633; x_wconf 93' lang='lat' dir='ltr'><strong>pro</strong></span> <span class='ocrx_word' id='word_1_92' title='bbox 925 1571 1062 1634; x_wconf 87' lang='lat' dir='ltr'><strong>praetore</strong></span> <span class='ocrx_word' id='word_1_93' title='bbox 1090 1563 1128 1622; x_wconf 87' lang='lat' dir='ltr'><strong>sd</strong></span> <span class='ocrx_word' id='word_1_94' title='bbox 1160 1569 1367 1644; x_wconf 83' lang='lat' dir='ltr'><strong>corrigendum</strong></span> <span class='ocrx_word' id='word_1_95' title='bbox 1401 1587 1511 1640; x_wconf 88' lang='lat' dir='ltr'><strong>statum</strong></span> 
     </span>
     <span class='ocr_line' id='line_1_12' title="bbox 185 1649 1510 1756; baseline 0.024 -48"><span class='ocrx_word' id='word_1_96' title='bbox 185 1649 347 1710; x_wconf 89' lang='lat' dir='ltr'><strong>liberarum</strong></span> <span class='ocrx_word' id='word_1_97' title='bbox 379 1655 532 1712; x_wconf 85' lang='lat' dir='ltr'><strong>civitatum</strong></span> <span class='ocrx_word' id='word_1_98' title='bbox 565 1657 597 1713; x_wconf 91' lang='lat' dir='ltr'><strong>in</strong></span> <span class='ocrx_word' id='word_1_99' title='bbox 630 1657 815 1730; x_wconf 82' lang='lat' dir='ltr'><strong>provinciam</strong></span> <span class='ocrx_word' id='word_1_100' title='bbox 850 1661 997 1718; x_wconf 82' lang='lat' dir='ltr'><strong>Achaiam</strong></span> <span class='ocrx_word' id='word_1_101' title='bbox 1029 1664 1155 1722; x_wconf 89' lang='lat' dir='ltr'><strong>missum</strong></span> <span class='ocrx_word' id='word_1_102' title='bbox 1189 1677 1366 1745; x_wconf 81' lang='lat' dir='ltr'><strong>statuemus,</strong></span> <span class='ocrx_word' id='word_1_103' title='bbox 1400 1682 1510 1756; x_wconf 88' lang='lat' dir='ltr'><strong>optimc</strong></span> 
     </span>
     <span class='ocr_line' id='line_1_13' title="bbox 187 1753 971 1828; baseline 0.01 -17"><span class='ocrx_word' id='word_1_104' title='bbox 187 1753 394 1828; x_wconf 84' lang='lat' dir='ltr'><strong>explicabitur,</strong></span> <span class='ocrx_word' id='word_1_105' title='bbox 415 1773 468 1814; x_wconf 92' lang='lat' dir='ltr'><strong>cnr</strong></span> <span class='ocrx_word' id='word_1_106' title='bbox 489 1765 589 1816; x_wconf 88' lang='lat' dir='ltr'><strong>statua</strong></span> <span class='ocrx_word' id='word_1_107' title='bbox 610 1758 736 1816; x_wconf 85' lang='lat' dir='ltr'><strong>Athenis</strong></span> <span class='ocrx_word' id='word_1_108' title='bbox 756 1759 902 1816; x_wconf 88' lang='lat' dir='ltr'><strong>collocata</strong></span> <span class='ocrx_word' id='word_1_109' title='bbox 923 1762 971 1819; x_wconf 89' lang='lat' dir='ltr'><strong>sit.</strong></span> 
     </span>
    </p>

    <p class='ocr_par' dir='ltr' id='par_1_3' title="bbox 184 1851 1511 4743">
     <span class='ocr_line' id='line_1_14' title="bbox 271 1851 1511 1938; baseline 0.02 -27"><span class='ocrx_word' id='word_1_110' title='bbox 271 1851 356 1926; x_wconf 83' lang='lat' dir='ltr'><strong>Quae</strong></span> <span class='ocrx_word' id='word_1_111' title='bbox 377 1858 478 1915; x_wconf 88' lang='lat' dir='ltr'><strong>omnia</strong></span> <span class='ocrx_word' id='word_1_112' title='bbox 499 1859 729 1934; x_wconf 88' lang='lat' dir='ltr'><strong>comprobantur</strong></span> <span class='ocrx_word' id='word_1_113' title='bbox 750 1858 836 1917; x_wconf 90' lang='lat' dir='ltr'><strong>titulo</strong></span> <span class='ocrx_word' id='word_1_114' title='bbox 859 1857 894 1918; x_wconf 81' lang='lat'><strong>0.</strong></span> <span class='ocrx_word' id='word_1_115' title='bbox 913 1860 938 1918; x_wconf 91' lang='lat' dir='ltr'><strong>I.</strong></span> <span class='ocrx_word' id='word_1_116' title='bbox 956 1859 1009 1920; x_wconf 86' lang='lat' dir='ltr'><strong>Gr.</strong></span> <span class='ocrx_word' id='word_1_117' title='bbox 1035 1863 1113 1923; x_wconf 86' lang='lat'>1346</span> <span class='ocrx_word' id='word_1_118' title='bbox 1134 1858 1511 1938; x_wconf 57' lang='lat' dir='ltr'><strong>‘salsamentariae</strong></span> 
     </span>
     <span class='ocr_line' id='line_1_15' title="bbox 185 1943 1510 2044; baseline 0.016 -34"><span class='ocrx_word' id='word_1_119' title='bbox 185 1943 358 2037; x_wconf 70' lang='lat' dir='ltr'><strong>‘Appietatem</strong></span> <span class='ocrx_word' id='word_1_120' title='bbox 383 1948 604 2038; x_wconf 76' lang='grc' dir='ltr'>Πλιιττοξὲνου,</span> <span class='ocrx_word' id='word_1_121' title='bbox 635 1949 769 2024; x_wconf 70' lang='grc' dir='ltr'>λαβόντα</span> <span class='ocrx_word' id='word_1_122' title='bbox 799 1953 853 2020; x_wconf 63' lang='grc' dir='ltr'><strong>τὰς</strong></span> <span class='ocrx_word' id='word_1_123' title='bbox 882 1963 934 2022; x_wconf 74' lang='lat' dir='ltr'><strong>r&#39;r&#39;c</strong></span> <span class='ocrx_word' id='word_1_124' title='bbox 958 1958 1212 2044; x_wconf 74' lang='lat' dir='ltr'><strong>ripraraaohsrrrias</strong></span> <span class='ocrx_word' id='word_1_125' title='bbox 1238 1967 1337 2038; x_wconf 72' lang='grc' dir='ltr'>τειμᾶς</span> <span class='ocrx_word' id='word_1_126' title='bbox 1360 1974 1437 2034; x_wconf 72' lang='grc' dir='ltr'><strong>κατὰ</strong></span> <span class='ocrx_word' id='word_1_127' title='bbox 1463 1976 1510 2037; x_wconf 74' lang='grc' dir='ltr'><strong>τὸν</strong></span> 
     </span>
     <span class='ocr_line' id='line_1_16' title="bbox 186 2045 1510 2159; baseline 0.02 -49"><span class='ocrx_word' id='word_1_128' title='bbox 186 2045 266 2122; x_wconf 76' lang='grc' dir='ltr'>νόμον</span> <span class='ocrx_word' id='word_1_129' title='bbox 286 2045 334 2113; x_wconf 74' lang='lat' dir='ltr'><strong>sai</strong></span> <span class='ocrx_word' id='word_1_130' title='bbox 355 2051 412 2114; x_wconf 76' lang='lat' dir='ltr'><strong>cirri</strong></span> <span class='ocrx_word' id='word_1_131' title='bbox 439 2060 490 2114; x_wconf 80' lang='grc' dir='ltr'><strong>τοῦ</strong></span> <span class='ocrx_word' id='word_1_132' title='bbox 518 2050 621 2128; x_wconf 65' lang='grc' dir='ltr'>δόμου,</span> <span class='ocrx_word' id='word_1_133' title='bbox 646 2053 734 2115; x_wconf 64' lang='grc' dir='ltr'>καθτδ</span> <span class='ocrx_word' id='word_1_134' title='bbox 755 2049 803 2116; x_wconf 76' lang='lat' dir='ltr'><strong>nai</strong></span> <span class='ocrx_word' id='word_1_135' title='bbox 825 2057 839 2116; x_wconf 80' lang='grc' dir='ltr'>ὅ</span> <span class='ocrx_word' id='word_1_136' title='bbox 860 2052 1012 2122; x_wconf 68' lang='grc' dir='ltr'>θειότατος</span> <span class='ocrx_word' id='word_1_137' title='bbox 1032 2057 1218 2151; x_wconf 70' lang='grc' dir='ltr'><strong>Αὐτοκράτωρ</strong></span> <span class='ocrx_word' id='word_1_138' title='bbox 1240 2074 1351 2156; x_wconf 76' lang='lat' dir='ltr'><strong>Kaio-ap</strong></span> <span class='ocrx_word' id='word_1_139' title='bbox 1373 2075 1510 2159; x_wconf 77' lang='lat' dir='ltr'><strong>Tpai&#39;avic</strong></span> 
     </span>
     <span class='ocr_line' id='line_1_17' title="bbox 185 2148 1509 2256; baseline 0.027 -51"><span class='ocrx_word' id='word_1_140' title='bbox 185 2149 330 2235; x_wconf 67' lang='grc' dir='ltr'>Ἃδριανδς</span> <span class='ocrx_word' id='word_1_141' title='bbox 355 2148 403 2214; x_wconf 70' lang='grc' dir='ltr'><strong>καὶ</strong></span> <span class='ocrx_word' id='word_1_142' title='bbox 427 2151 552 2227; x_wconf 62' lang='grc' dir='ltr'>Αζιιόλιος</span> <span class='ocrx_word' id='word_1_143' title='bbox 572 2155 702 2234; x_wconf 70' lang='grc' dir='ltr'>Ἰοῦγιιος</span> <span class='ocrx_word' id='word_1_144' title='bbox 727 2157 741 2215; x_wconf 84' lang='grc'>6</span> <span class='ocrx_word' id='word_1_145' title='bbox 768 2152 942 2230; x_wconf 66' lang='grc' dir='ltr'><strong>δικαιοδότης</strong></span> <span class='ocrx_word' id='word_1_146' title='bbox 969 2153 1027 2245; x_wconf 65' lang='grc' dir='ltr'><strong>περὶ</strong></span> <span class='ocrx_word' id='word_1_147' title='bbox 1049 2159 1140 2222; x_wconf 68' lang='grc' dir='ltr'>αὐτοῦ</span> <span class='ocrx_word' id='word_1_148' title='bbox 1159 2159 1334 2231; x_wconf 67' lang='grc' dir='ltr'>ἐπέστειλαν.</span> <span class='ocrx_word' id='word_1_149' title='bbox 1377 2176 1426 2237; x_wconf 88' lang='lat' dir='ltr'><strong>De</strong></span> <span class='ocrx_word' id='word_1_150' title='bbox 1449 2200 1509 2256; x_wconf 88' lang='lat' dir='ltr'><strong>quo</strong></span> 
     </span>
     <span class='ocr_line' id='line_1_18' title="bbox 186 2257 1511 2349; baseline 0.021 -35"><span class='ocrx_word' id='word_1_151' title='bbox 186 2274 253 2322; x_wconf 84' lang='lat' dir='ltr'><strong>cum</strong></span> <span class='ocrx_word' id='word_1_152' title='bbox 281 2257 466 2334; x_wconf 87' lang='lat' dir='ltr'><strong>Borghesius</strong></span> <span class='ocrx_word' id='word_1_153' title='bbox 496 2267 658 2335; x_wconf 83' lang='lat' dir='ltr'><strong>exponeret</strong></span> <span class='ocrx_word' id='word_1_154' title='bbox 685 2258 765 2336; x_wconf 90' lang='lat' dir='ltr'><strong>Opp.</strong></span> <span class='ocrx_word' id='word_1_155' title='bbox 786 2260 816 2319; x_wconf 90' lang='lat' dir='ltr'><strong>V</strong></span> <span class='ocrx_word' id='word_1_156' title='bbox 841 2281 871 2338; x_wconf 92' lang='lat' dir='ltr'><strong>p.</strong></span> <span class='ocrx_word' id='word_1_157' title='bbox 892 2262 997 2338; x_wconf 83' lang='lat' dir='ltr'><strong>70sq.,</strong></span> <span class='ocrx_word' id='word_1_158' title='bbox 1025 2257 1200 2338; x_wconf 70' lang='grc' dir='ltr'>δικαιοδότης</span> <span class='ocrx_word' id='word_1_159' title='bbox 1225 2270 1437 2349; x_wconf 83' lang='lat' dir='ltr'><strong>interpretatus</strong></span> <span class='ocrx_word' id='word_1_160' title='bbox 1465 2290 1511 2341; x_wconf 86' lang='lat' dir='ltr'><strong>est</strong></span> 
     </span>
     <span class='ocr_line' id='line_1_19' title="bbox 187 2356 1509 2463; baseline 0.017 -49"><span class='ocrx_word' id='word_1_161' title='bbox 187 2356 309 2433; x_wconf 77' lang='lat' dir='ltr'><strong>lepatam</strong></span> <span class='ocrx_word' id='word_1_162' title='bbox 325 2377 383 2434; x_wconf 89' lang='lat' dir='ltr'><strong>pro</strong></span> <span class='ocrx_word' id='word_1_163' title='bbox 392 2370 530 2434; x_wconf 87' lang='lat' dir='ltr'><strong>praetore</strong></span> <span class='ocrx_word' id='word_1_164' title='bbox 539 2364 707 2434; x_wconf 84' lang='lat' dir='ltr'><strong>prouinciae</strong></span> <span class='ocrx_word' id='word_1_165' title='bbox 722 2361 861 2432; x_wconf 82' lang='lat' dir='ltr'><strong>Achaiae,</strong></span> <span class='ocrx_word' id='word_1_166' title='bbox 884 2363 903 2420; x_wconf 94' lang='lat' dir='ltr'><strong>i.</strong></span> <span class='ocrx_word' id='word_1_167' title='bbox 920 2383 946 2421; x_wconf 88' lang='lat' dir='ltr'><strong>e.</strong></span> <span class='ocrx_word' id='word_1_168' title='bbox 969 2367 1159 2441; x_wconf 87' lang='lat' dir='ltr'><strong>proconsulis</strong></span> <span class='ocrx_word' id='word_1_169' title='bbox 1179 2369 1310 2446; x_wconf 85' lang='lat' dir='ltr'><strong>legatum</strong></span> <span class='ocrx_word' id='word_1_170' title='bbox 1334 2369 1509 2463; x_wconf 61' lang='grc' dir='ltr'>(πάρεδροι),</span> 
     </span>
     <span class='ocr_line' id='line_1_20' title="bbox 186 2455 1511 2557; baseline 0.019 -41"><span class='ocrx_word' id='word_1_171' title='bbox 186 2459 257 2534; x_wconf 90' lang='lat' dir='ltr'><strong>quia</strong></span> <span class='ocrx_word' id='word_1_172' title='bbox 281 2466 345 2518; x_wconf 91' lang='lat' dir='ltr'><strong>tum</strong></span> <span class='ocrx_word' id='word_1_173' title='bbox 371 2460 487 2518; x_wconf 91' lang='lat' dir='ltr'><strong>nullum</strong></span> <span class='ocrx_word' id='word_1_174' title='bbox 509 2461 601 2518; x_wconf 91' lang='lat' dir='ltr'><strong>alium</strong></span> <span class='ocrx_word' id='word_1_175' title='bbox 625 2471 751 2519; x_wconf 87' lang='lat' dir='ltr'><strong>novarat</strong></span> <span class='ocrx_word' id='word_1_176' title='bbox 771 2463 854 2520; x_wconf 79' lang='lat' dir='ltr'><strong>vocis</strong></span> <span class='ocrx_word' id='word_1_177' title='bbox 877 2455 1054 2534; x_wconf 72' lang='grc' dir='ltr'>δικαιοδότης</span> <span class='ocrx_word' id='word_1_178' title='bbox 1075 2485 1162 2524; x_wconf 91' lang='lat' dir='ltr'><strong>usum</strong></span> <span class='ocrx_word' id='word_1_179' title='bbox 1184 2471 1243 2529; x_wconf 88' lang='lat' dir='ltr'><strong>uisi</strong></span> <span class='ocrx_word' id='word_1_180' title='bbox 1265 2492 1333 2532; x_wconf 86' lang='lat' dir='ltr'><strong>eum</strong></span> <span class='ocrx_word' id='word_1_181' title='bbox 1356 2480 1407 2552; x_wconf 90' lang='lat' dir='ltr'><strong>qui</strong></span> <span class='ocrx_word' id='word_1_182' title='bbox 1429 2483 1511 2557; x_wconf 88' lang='lat' dir='ltr'><strong>apud</strong></span> 
     </span>
     <span class='ocr_line' id='line_1_21' title="bbox 187 2555 1510 2654; baseline 0.016 -35"><span class='ocrx_word' id='word_1_183' title='bbox 187 2555 366 2619; x_wconf 84' lang='lat' dir='ltr'><strong>Strabonem</strong></span> <span class='ocrx_word' id='word_1_184' title='bbox 388 2567 432 2618; x_wconf 88' lang='lat' dir='ltr'><strong>est</strong></span> <span class='ocrx_word' id='word_1_185' title='bbox 452 2560 511 2618; x_wconf 84' lang='lat'><strong>797</strong></span> <span class='ocrx_word' id='word_1_186' title='bbox 536 2559 582 2631; x_wconf 88' lang='lat' dir='ltr'><strong>C.‚</strong></span> <span class='ocrx_word' id='word_1_187' title='bbox 609 2561 661 2618; x_wconf 93' lang='lat' dir='ltr'><strong>ubi</strong></span> <span class='ocrx_word' id='word_1_188' title='bbox 682 2561 865 2648; x_wconf 85' lang='lat' dir='ltr'><strong>significatur</strong></span> <span class='ocrx_word' id='word_1_189' title='bbox 887 2582 924 2620; x_wconf 90' lang='lat' dir='ltr'><strong>ea</strong></span> <span class='ocrx_word' id='word_1_190' title='bbox 944 2581 1016 2622; x_wconf 86' lang='lat' dir='ltr'><strong>voce</strong></span> <span class='ocrx_word' id='word_1_191' title='bbox 1037 2569 1176 2625; x_wconf 83' lang='lat' dir='ltr'><strong>iuridicas</strong></span> <span class='ocrx_word' id='word_1_192' title='bbox 1199 2569 1404 2636; x_wconf 71' lang='lat' dir='ltr'><strong>Alexandriae.</strong></span> <span class='ocrx_word' id='word_1_193' title='bbox 1450 2579 1510 2654; x_wconf 83' lang='lat' dir='ltr'><strong>Qui</strong></span> 
     </span>
     <span class='ocr_line' id='line_1_22' title="bbox 185 2661 1509 2754; baseline 0.017 -36"><span class='ocrx_word' id='word_1_194' title='bbox 185 2677 253 2718; x_wconf 90' lang='lat' dir='ltr'><strong>cum</strong></span> <span class='ocrx_word' id='word_1_195' title='bbox 274 2662 399 2719; x_wconf 88' lang='lat' dir='ltr'><strong>alterum</strong></span> <span class='ocrx_word' id='word_1_196' title='bbox 420 2661 519 2718; x_wconf 89' lang='lat' dir='ltr'><strong>locum</strong></span> <span class='ocrx_word' id='word_1_197' title='bbox 542 2661 696 2737; x_wconf 86' lang='lat' dir='ltr'><strong>diguitatis</strong></span> <span class='ocrx_word' id='word_1_198' title='bbox 718 2663 795 2720; x_wconf 90' lang='lat' dir='ltr'><strong>iuter</strong></span> <span class='ocrx_word' id='word_1_199' title='bbox 814 2661 967 2721; x_wconf 85' lang='lat' dir='ltr'><strong>Romanos</strong></span> <span class='ocrx_word' id='word_1_200' title='bbox 988 2665 1019 2722; x_wconf 90' lang='lat' dir='ltr'><strong>iu</strong></span> <span class='ocrx_word' id='word_1_201' title='bbox 1037 2667 1177 2742; x_wconf 83' lang='lat' dir='ltr'><strong>Aegypto</strong></span> <span class='ocrx_word' id='word_1_202' title='bbox 1198 2682 1352 2734; x_wconf 85' lang='lat' dir='ltr'><strong>versantes</strong></span> <span class='ocrx_word' id='word_1_203' title='bbox 1374 2684 1509 2754; x_wconf 87' lang='lat' dir='ltr'><strong>tenuerit,</strong></span> 
     </span>
     <span class='ocr_line' id='line_1_23' title="bbox 185 2761 1510 2845; baseline 0.017 -27"><span class='ocrx_word' id='word_1_204' title='bbox 185 2763 356 2836; x_wconf 82' lang='lat' dir='ltr'><strong>proximum</strong></span> <span class='ocrx_word' id='word_1_205' title='bbox 384 2761 499 2819; x_wconf 90' lang='lat' dir='ltr'><strong>scilicet</strong></span> <span class='ocrx_word' id='word_1_206' title='bbox 525 2770 595 2835; x_wconf 92' lang='lat' dir='ltr'><strong>post</strong></span> <span class='ocrx_word' id='word_1_207' title='bbox 623 2763 805 2836; x_wconf 83' lang='lat' dir='ltr'><strong>praelectum</strong></span> <span class='ocrx_word' id='word_1_208' title='bbox 833 2764 978 2839; x_wconf 84' lang='lat' dir='ltr'><strong>Aegypti,</strong></span> <span class='ocrx_word' id='word_1_209' title='bbox 1010 2765 1195 2841; x_wconf 85' lang='lat' dir='ltr'><strong>Borghesius</strong></span> <span class='ocrx_word' id='word_1_210' title='bbox 1220 2781 1379 2845; x_wconf 87' lang='lat' dir='ltr'><strong>putaverat</strong></span> <span class='ocrx_word' id='word_1_211' title='bbox 1405 2782 1510 2840; x_wconf 90' lang='lat' dir='ltr'><strong>eodem</strong></span> 
     </span>
     <span class='ocr_line' id='line_1_24' title="bbox 185 2861 1510 2954; baseline 0.014 -33"><span class='ocrx_word' id='word_1_212' title='bbox 185 2861 275 2921; x_wconf 91' lang='lat' dir='ltr'><strong>modo</strong></span> <span class='ocrx_word' id='word_1_213' title='bbox 305 2861 395 2921; x_wconf 89' lang='lat' dir='ltr'><strong>etiam</strong></span> <span class='ocrx_word' id='word_1_214' title='bbox 427 2880 494 2920; x_wconf 89' lang='lat' dir='ltr'><strong>eum</strong></span> <span class='ocrx_word' id='word_1_215' title='bbox 520 2863 572 2937; x_wconf 92' lang='lat' dir='ltr'><strong>qui</strong></span> <span class='ocrx_word' id='word_1_216' title='bbox 602 2863 633 2920; x_wconf 91' lang='lat' dir='ltr'><strong>in</strong></span> <span class='ocrx_word' id='word_1_217' title='bbox 662 2863 776 2920; x_wconf 84' lang='lat' dir='ltr'><strong>Achaia</strong></span> <span class='ocrx_word' id='word_1_218' title='bbox 803 2863 942 2937; x_wconf 85' lang='lat' dir='ltr'><strong>proximo</strong></span> <span class='ocrx_word' id='word_1_219' title='bbox 968 2871 1038 2939; x_wconf 84' lang='lat' dir='ltr'><strong>post</strong></span> <span class='ocrx_word' id='word_1_220' title='bbox 1070 2869 1279 2940; x_wconf 82' lang='lat' dir='ltr'><strong>proconsulem</strong></span> <span class='ocrx_word' id='word_1_221' title='bbox 1311 2874 1379 2934; x_wconf 92' lang='lat' dir='ltr'><strong>loco</strong></span> <span class='ocrx_word' id='word_1_222' title='bbox 1411 2879 1510 2954; x_wconf 87' lang='lat' dir='ltr'><strong>inerit,</strong></span> 
     </span>
     <span class='ocr_line' id='line_1_25' title="bbox 185 2945 1511 3056; baseline 0.014 -34"><span class='ocrx_word' id='word_1_223' title='bbox 185 2965 205 3022; x_wconf 90' lang='lat' dir='ltr'><strong>i.</strong></span> <span class='ocrx_word' id='word_1_224' title='bbox 231 2983 257 3022; x_wconf 91' lang='lat' dir='ltr'><strong>e.</strong></span> <span class='ocrx_word' id='word_1_225' title='bbox 284 2963 415 3039; x_wconf 88' lang='lat' dir='ltr'><strong>legatum</strong></span> <span class='ocrx_word' id='word_1_226' title='bbox 442 2945 647 3038; x_wconf 84' lang='lat' dir='ltr'><strong>proconsulis,</strong></span> <span class='ocrx_word' id='word_1_227' title='bbox 679 2963 723 3020; x_wconf 88' lang='lat' dir='ltr'><strong>ita</strong></span> <span class='ocrx_word' id='word_1_228' title='bbox 754 2963 857 3020; x_wconf 88' lang='lat' dir='ltr'><strong>vocari</strong></span> <span class='ocrx_word' id='word_1_229' title='bbox 886 2965 1028 3037; x_wconf 89' lang='lat' dir='ltr'><strong>potuisse.</strong></span> <span class='ocrx_word' id='word_1_230' title='bbox 1079 2967 1109 3022; x_wconf 87' lang='lat' dir='ltr'><strong>A</strong></span> <span class='ocrx_word' id='word_1_231' title='bbox 1142 2987 1203 3044; x_wconf 89' lang='lat' dir='ltr'><strong>qua</strong></span> <span class='ocrx_word' id='word_1_232' title='bbox 1229 2977 1377 3034; x_wconf 87' lang='lat' dir='ltr'><strong>sententia</strong></span> <span class='ocrx_word' id='word_1_233' title='bbox 1403 2992 1511 3056; x_wconf 85' lang='lat' dir='ltr'><strong>postea</strong></span> 
     </span>
     <span class='ocr_line' id='line_1_26' title="bbox 185 3061 1510 3157; baseline 0.014 -35"><span class='ocrx_word' id='word_1_234' title='bbox 185 3063 276 3140; x_wconf 90' lang='lat' dir='ltr'>(VIII</span> <span class='ocrx_word' id='word_1_235' title='bbox 297 3083 327 3140; x_wconf 91' lang='lat' dir='ltr'><strong>p.</strong></span> <span class='ocrx_word' id='word_1_236' title='bbox 344 3063 471 3138; x_wconf 75' lang='lat' dir='ltr'><strong>teasq.)</strong></span> <span class='ocrx_word' id='word_1_237' title='bbox 494 3082 561 3122; x_wconf 89' lang='lat' dir='ltr'><strong>cum</strong></span> <span class='ocrx_word' id='word_1_238' title='bbox 582 3063 687 3121; x_wconf 87' lang='lat' dir='ltr'><strong>titulos</strong></span> <span class='ocrx_word' id='word_1_239' title='bbox 711 3061 745 3122; x_wconf 86' lang='lat' dir='ltr'><strong>C.</strong></span> <span class='ocrx_word' id='word_1_240' title='bbox 762 3062 787 3120; x_wconf 95' lang='lat' dir='ltr'><strong>I.</strong></span> <span class='ocrx_word' id='word_1_241' title='bbox 804 3061 857 3120; x_wconf 88' lang='lat' dir='ltr'><strong>Gr.</strong></span> <span class='ocrx_word' id='word_1_242' title='bbox 881 3061 972 3121; x_wconf 78' lang='lat'><strong>4236.</strong></span> <span class='ocrx_word' id='word_1_243' title='bbox 993 3065 1042 3122; x_wconf 82' lang='lat'><strong>37.</strong></span> <span class='ocrx_word' id='word_1_244' title='bbox 1065 3065 1147 3126; x_wconf 84' lang='lat'>4240</span> <span class='ocrx_word' id='word_1_245' title='bbox 1169 3074 1371 3147; x_wconf 81' lang='lat' dir='ltr'><strong>cognovisset,</strong></span> <span class='ocrx_word' id='word_1_246' title='bbox 1393 3079 1422 3136; x_wconf 90' lang='lat' dir='ltr'><strong>in</strong></span> <span class='ocrx_word' id='word_1_247' title='bbox 1446 3085 1510 3157; x_wconf 93' lang='lat' dir='ltr'><strong>qui·</strong></span> 
     </span>
     <span class='ocr_line' id='line_1_27' title="bbox 184 3162 1510 3245; baseline 0.016 -27"><span class='ocrx_word' id='word_1_248' title='bbox 184 3165 242 3224; x_wconf 87' lang='lat' dir='ltr'><strong>bns</strong></span> <span class='ocrx_word' id='word_1_249' title='bbox 264 3166 372 3240; x_wconf 78' lang='lat' dir='ltr'><strong>lepatus</strong></span> <span class='ocrx_word' id='word_1_250' title='bbox 394 3162 518 3238; x_wconf 78' lang='lat' dir='ltr'><strong>Aspasti</strong></span> <span class='ocrx_word' id='word_1_251' title='bbox 541 3182 598 3239; x_wconf 90' lang='lat' dir='ltr'><strong>pro</strong></span> <span class='ocrx_word' id='word_1_252' title='bbox 621 3173 755 3238; x_wconf 82' lang='lat' dir='ltr'><strong>praetore</strong></span> <span class='ocrx_word' id='word_1_253' title='bbox 776 3162 884 3238; x_wconf 71' lang='lat' dir='ltr'><strong>Ispciae</strong></span> <span class='ocrx_word' id='word_1_254' title='bbox 911 3173 937 3222; x_wconf 86' lang='lat' dir='ltr'><strong>et</strong></span> <span class='ocrx_word' id='word_1_255' title='bbox 957 3164 1146 3240; x_wconf 72' lang='lat' dir='ltr'><strong>Pamphyliae</strong></span> <span class='ocrx_word' id='word_1_256' title='bbox 1170 3169 1216 3226; x_wconf 65' lang='lat' dir='ltr'><strong>,sic</strong></span> <span class='ocrx_word' id='word_1_257' title='bbox 1237 3184 1374 3245; x_wconf 87' lang='lat' dir='ltr'><strong>vocatur,</strong></span> <span class='ocrx_word' id='word_1_258' title='bbox 1399 3179 1443 3236; x_wconf 91' lang='lat' dir='ltr'><strong>ita</strong></span> <span class='ocrx_word' id='word_1_259' title='bbox 1463 3201 1510 3238; x_wconf 91' lang='lat' dir='ltr'><strong>re-</strong></span> 
     </span>
     <span class='ocr_line' id='line_1_28' title="bbox 185 3248 1510 3345; baseline 0.011 -21"><span class='ocrx_word' id='word_1_260' title='bbox 185 3267 286 3337; x_wconf 87' lang='lat' dir='ltr'><strong>cessit,</strong></span> <span class='ocrx_word' id='word_1_261' title='bbox 308 3275 341 3323; x_wconf 92' lang='lat' dir='ltr'><strong>ut</strong></span> <span class='ocrx_word' id='word_1_262' title='bbox 361 3263 538 3344; x_wconf 84' lang='lat' dir='ltr'><strong>vocabulum</strong></span> <span class='ocrx_word' id='word_1_263' title='bbox 554 3273 690 3322; x_wconf 87' lang='lat' dir='ltr'><strong>accurate</strong></span> <span class='ocrx_word' id='word_1_264' title='bbox 711 3262 892 3340; x_wconf 88' lang='lat' dir='ltr'><strong>respondere</strong></span> <span class='ocrx_word' id='word_1_265' title='bbox 912 3263 1024 3321; x_wconf 89' lang='lat' dir='ltr'><strong>diceret</strong></span> <span class='ocrx_word' id='word_1_266' title='bbox 1038 3248 1147 3323; x_wconf 84' lang='lat' dir='ltr'><strong>Latino</strong></span> <span class='ocrx_word' id='word_1_267' title='bbox 1165 3287 1292 3341; x_wconf 86' lang='lat' dir='ltr'><strong>praeses.</strong></span> <span class='ocrx_word' id='word_1_268' title='bbox 1330 3270 1420 3345; x_wconf 85' lang='lat' dir='ltr'><strong>Quod</strong></span> <span class='ocrx_word' id='word_1_269' title='bbox 1440 3279 1510 3339; x_wconf 90' lang='lat' dir='ltr'><strong>inde</strong></span> 
     </span>
     <span class='ocr_line' id='line_1_29' title="bbox 184 3353 1510 3446; baseline 0.008 -20"><span class='ocrx_word' id='word_1_270' title='bbox 184 3365 340 3438; x_wconf 82' lang='lat' dir='ltr'><strong>conclusit,</strong></span> <span class='ocrx_word' id='word_1_271' title='bbox 362 3365 442 3440; x_wconf 89' lang='lat' dir='ltr'><strong>quod</strong></span> <span class='ocrx_word' id='word_1_272' title='bbox 464 3362 582 3422; x_wconf 86' lang='lat' dir='ltr'><strong>Graeco</strong></span> <span class='ocrx_word' id='word_1_273' title='bbox 603 3357 691 3438; x_wconf 66' lang='lat' dir='ltr'><strong>lipsio</strong></span> <span class='ocrx_word' id='word_1_274' title='bbox 714 3353 888 3430; x_wconf 69' lang='grc' dir='ltr'>δικαιοδότηο</span> <span class='ocrx_word' id='word_1_275' title='bbox 914 3371 1050 3422; x_wconf 87' lang='lat' dir='ltr'><strong>accurate</strong></span> <span class='ocrx_word' id='word_1_276' title='bbox 1071 3367 1287 3440; x_wconf 88' lang='lat' dir='ltr'><strong>responderent</strong></span> <span class='ocrx_word' id='word_1_277' title='bbox 1307 3377 1438 3446; x_wconf 85' lang='lat' dir='ltr'><strong>praesidi</strong></span> <span class='ocrx_word' id='word_1_278' title='bbox 1460 3380 1510 3436; x_wconf 82' lang='lat' dir='ltr'><strong>ab·</strong></span> 
     </span>
     <span class='ocr_line' id='line_1_30' title="bbox 185 3463 1510 3540; baseline 0.017 -25"><span class='ocrx_word' id='word_1_279' title='bbox 185 3469 393 3536; x_wconf 55' lang='lat' dir='ltr'><strong>superueniens,</strong></span> <span class='ocrx_word' id='word_1_280' title='bbox 411 3467 545 3540; x_wconf 81' lang='lat' dir='ltr'><strong>praesidi</strong></span> <span class='ocrx_word' id='word_1_281' title='bbox 566 3465 743 3538; x_wconf 74' lang='lat' dir='ltr'><strong>intepmimc</strong></span> <span class='ocrx_word' id='word_1_282' title='bbox 764 3480 841 3537; x_wconf 86' lang='lat' dir='ltr'><strong>quae</strong></span> <span class='ocrx_word' id='word_1_283' title='bbox 862 3463 893 3520; x_wconf 93' lang='lat' dir='ltr'><strong>in</strong></span> <span class='ocrx_word' id='word_1_284' title='bbox 914 3463 1010 3521; x_wconf 91' lang='lat' dir='ltr'><strong>titulis</strong></span> <span class='ocrx_word' id='word_1_285' title='bbox 1026 3464 1194 3525; x_wconf 88' lang='lat' dir='ltr'><strong>honorariis</strong></span> <span class='ocrx_word' id='word_1_286' title='bbox 1215 3467 1334 3530; x_wconf 87' lang='lat' dir='ltr'><strong>Latinis</strong></span> <span class='ocrx_word' id='word_1_287' title='bbox 1356 3475 1510 3536; x_wconf 85' lang='lat' dir='ltr'><strong>invenian-</strong></span> 
     </span>
     <span class='ocr_line' id='line_1_31' title="bbox 185 3562 1510 3641; baseline 0.008 -14"><span class='ocrx_word' id='word_1_288' title='bbox 185 3576 243 3628; x_wconf 87' lang='lat' dir='ltr'><strong>tur.</strong></span> <span class='ocrx_word' id='word_1_289' title='bbox 286 3565 387 3640; x_wconf 79' lang='lat' dir='ltr'><strong>Qnare</strong></span> <span class='ocrx_word' id='word_1_290' title='bbox 413 3575 465 3623; x_wconf 89' lang='lat' dir='ltr'><strong>aut</strong></span> <span class='ocrx_word' id='word_1_291' title='bbox 487 3566 685 3641; x_wconf 83' lang='lat' dir='ltr'><strong>proconsulem</strong></span> <span class='ocrx_word' id='word_1_292' title='bbox 706 3564 836 3622; x_wconf 86' lang='lat' dir='ltr'><strong>Achaiae</strong></span> <span class='ocrx_word' id='word_1_293' title='bbox 857 3573 918 3634; x_wconf 88' lang='lat' dir='ltr'><strong>aut,</strong></span> <span class='ocrx_word' id='word_1_294' title='bbox 943 3565 1023 3639; x_wconf 90' lang='lat' dir='ltr'><strong>quod</strong></span> <span class='ocrx_word' id='word_1_295' title='bbox 1046 3562 1156 3640; x_wconf 84' lang='lat' dir='ltr'><strong>Sparta</strong></span> <span class='ocrx_word' id='word_1_296' title='bbox 1179 3566 1274 3627; x_wconf 88' lang='lat' dir='ltr'><strong>libera</strong></span> <span class='ocrx_word' id='word_1_297' title='bbox 1295 3575 1367 3632; x_wconf 85' lang='lat' dir='ltr'><strong>urbs</strong></span> <span class='ocrx_word' id='word_1_298' title='bbox 1390 3578 1418 3632; x_wconf 87' lang='lat' dir='ltr'><strong>ei</strong></span> <span class='ocrx_word' id='word_1_299' title='bbox 1440 3579 1510 3636; x_wconf 91' lang='lat' dir='ltr'><strong>suh-</strong></span> 
     </span>
     <span class='ocr_line' id='line_1_32' title="bbox 184 3664 1508 3752; baseline 0.008 -25"><span class='ocrx_word' id='word_1_300' title='bbox 184 3667 249 3727; x_wconf 87' lang='lat' dir='ltr'><strong>dits</strong></span> <span class='ocrx_word' id='word_1_301' title='bbox 268 3685 329 3726; x_wconf 91' lang='lat' dir='ltr'><strong>non</strong></span> <span class='ocrx_word' id='word_1_302' title='bbox 349 3667 448 3738; x_wconf 87' lang='lat' dir='ltr'><strong>fuerit,</strong></span> <span class='ocrx_word' id='word_1_303' title='bbox 471 3676 653 3725; x_wconf 70' lang='lat' dir='ltr'><strong>comestorem</strong></span> <span class='ocrx_word' id='word_1_304' title='bbox 675 3664 827 3722; x_wconf 82' lang='lat' dir='ltr'><strong>liberarum</strong></span> <span class='ocrx_word' id='word_1_305' title='bbox 849 3667 992 3721; x_wconf 86' lang='lat' dir='ltr'><strong>civitatum</strong></span> <span class='ocrx_word' id='word_1_306' title='bbox 1009 3669 1175 3739; x_wconf 80' lang='lat' dir='ltr'><strong>provinciae</strong></span> <span class='ocrx_word' id='word_1_307' title='bbox 1193 3668 1321 3728; x_wconf 88' lang='lat' dir='ltr'><strong>Achaiae</strong></span> <span class='ocrx_word' id='word_1_308' title='bbox 1342 3674 1508 3752; x_wconf 90' lang='lat' dir='ltr'><strong>intelligen-</strong></span> 
     </span>
     <span class='ocr_line' id='line_1_33' title="bbox 186 3756 1510 3849; baseline 0.008 -22"><span class='ocrx_word' id='word_1_309' title='bbox 186 3769 257 3828; x_wconf 92' lang='lat' dir='ltr'><strong>dum</strong></span> <span class='ocrx_word' id='word_1_310' title='bbox 272 3778 382 3827; x_wconf 90' lang='lat' dir='ltr'><strong>censet.</strong></span> <span class='ocrx_word' id='word_1_311' title='bbox 415 3767 516 3842; x_wconf 88' lang='lat' dir='ltr'><strong>Atque</strong></span> <span class='ocrx_word' id='word_1_312' title='bbox 538 3766 574 3824; x_wconf 90' lang='lat' dir='ltr'><strong>do</strong></span> <span class='ocrx_word' id='word_1_313' title='bbox 590 3764 734 3824; x_wconf 84' lang='lat' dir='ltr'><strong>vocabulo</strong></span> <span class='ocrx_word' id='word_1_314' title='bbox 750 3756 926 3832; x_wconf 75' lang='grc' dir='ltr'>δικαιοδότης</span> <span class='ocrx_word' id='word_1_315' title='bbox 946 3764 1066 3839; x_wconf 88' lang='lat' dir='ltr'><strong>quidem</strong></span> <span class='ocrx_word' id='word_1_316' title='bbox 1081 3775 1112 3824; x_wconf 90' lang='lat' dir='ltr'><strong>et</strong></span> <span class='ocrx_word' id='word_1_317' title='bbox 1125 3768 1253 3841; x_wconf 85' lang='lat' dir='ltr'><strong>priorem</strong></span> <span class='ocrx_word' id='word_1_318' title='bbox 1269 3781 1299 3829; x_wconf 90' lang='lat' dir='ltr'><strong>et</strong></span> <span class='ocrx_word' id='word_1_319' title='bbox 1312 3777 1510 3849; x_wconf 89' lang='lat' dir='ltr'><strong>posteriorem</strong></span> 
     </span>
     <span class='ocr_line' id='line_1_34' title="bbox 186 3865 1509 3948; baseline 0.005 -19"><span class='ocrx_word' id='word_1_320' title='bbox 186 3869 348 3948; x_wconf 82' lang='lat' dir='ltr'><strong>Borghesii</strong></span> <span class='ocrx_word' id='word_1_321' title='bbox 376 3869 554 3927; x_wconf 87' lang='lat' dir='ltr'><strong>seutentiam</strong></span> <span class='ocrx_word' id='word_1_322' title='bbox 582 3875 663 3926; x_wconf 88' lang='lat' dir='ltr'><strong>recte</strong></span> <span class='ocrx_word' id='word_1_323' title='bbox 689 3883 720 3924; x_wconf 89' lang='lat' dir='ltr'><strong>se</strong></span> <span class='ocrx_word' id='word_1_324' title='bbox 748 3865 858 3922; x_wconf 88' lang='lat' dir='ltr'><strong>hahere</strong></span> <span class='ocrx_word' id='word_1_325' title='bbox 889 3865 1032 3924; x_wconf 86' lang='lat' dir='ltr'><strong>existimo</strong></span> <span class='ocrx_word' id='word_1_326' title='bbox 1040 3885 1048 3937; x_wconf 80' lang='lat'>3</span> <span class='ocrx_word' id='word_1_327' title='bbox 1081 3867 1196 3926; x_wconf 89' lang='lat' dir='ltr'><strong>scilicet</strong></span> <span class='ocrx_word' id='word_1_328' title='bbox 1226 3871 1337 3947; x_wconf 88' lang='lat' dir='ltr'><strong>duplex</strong></span> <span class='ocrx_word' id='word_1_329' title='bbox 1369 3876 1432 3934; x_wconf 89' lang='lat' dir='ltr'><strong>eius</strong></span> <span class='ocrx_word' id='word_1_330' title='bbox 1464 3881 1509 3937; x_wconf 84' lang='lat' dir='ltr'><strong>vis</strong></span> 
     </span>
     <span class='ocr_line' id='line_1_35' title="bbox 187 3961 1510 4048; baseline 0.011 -24"><span class='ocrx_word' id='word_1_331' title='bbox 187 3971 396 4048; x_wconf 82' lang='lat' dir='ltr'><strong>distinguenda</strong></span> <span class='ocrx_word' id='word_1_332' title='bbox 416 3976 472 4027; x_wconf 90' lang='lat' dir='ltr'><strong>est.</strong></span> <span class='ocrx_word' id='word_1_333' title='bbox 508 3967 588 4026; x_wconf 87' lang='lat' dir='ltr'><strong>Nam</strong></span> <span class='ocrx_word' id='word_1_334' title='bbox 611 3961 792 4023; x_wconf 64' lang='lat' dir='ltr'><strong>inscisionis</strong></span> <span class='ocrx_word' id='word_1_335' title='bbox 812 3965 988 4026; x_wconf 83' lang='lat' dir='ltr'><strong>vocabulum</strong></span> <span class='ocrx_word' id='word_1_336' title='bbox 1010 3967 1062 4024; x_wconf 90' lang='lat' dir='ltr'><strong>uhi</strong></span> <span class='ocrx_word' id='word_1_337' title='bbox 1076 3966 1113 4024; x_wconf 89' lang='lat' dir='ltr'><strong>de</strong></span> <span class='ocrx_word' id='word_1_338' title='bbox 1127 3969 1350 4044; x_wconf 88' lang='lat' dir='ltr'><strong>magistratibus</strong></span> <span class='ocrx_word' id='word_1_339' title='bbox 1365 3973 1510 4038; x_wconf 89' lang='lat' dir='ltr'><strong>Romanis</strong></span> 
     </span>
     <span class='ocr_line' id='line_1_36' title="bbox 187 4066 1511 4153; baseline 0.009 -26"><span class='ocrx_word' id='word_1_340' title='bbox 187 4077 365 4146; x_wconf 87' lang='lat' dir='ltr'><strong>usurpatur,</strong></span> <span class='ocrx_word' id='word_1_341' title='bbox 392 4069 574 4146; x_wconf 89' lang='lat' dir='ltr'><strong>respondere</strong></span> <span class='ocrx_word' id='word_1_342' title='bbox 595 4067 704 4126; x_wconf 88' lang='lat' dir='ltr'><strong>Latino</strong></span> <span class='ocrx_word' id='word_1_343' title='bbox 730 4070 774 4124; x_wconf 86' lang='lat' dir='ltr'><strong>ias</strong></span> <span class='ocrx_word' id='word_1_344' title='bbox 798 4069 902 4136; x_wconf 82' lang='lat' dir='ltr'><strong>dicere,</strong></span> <span class='ocrx_word' id='word_1_345' title='bbox 930 4066 1001 4124; x_wconf 91' lang='lat' dir='ltr'><strong>Iulii</strong></span> <span class='ocrx_word' id='word_1_346' title='bbox 1023 4068 1147 4126; x_wconf 90' lang='lat' dir='ltr'><strong>Antonii</strong></span> <span class='ocrx_word' id='word_1_347' title='bbox 1173 4073 1361 4145; x_wconf 88' lang='lat' dir='ltr'><strong>proconsulis</strong></span> <span class='ocrx_word' id='word_1_348' title='bbox 1383 4077 1511 4153; x_wconf 88' lang='lat' dir='ltr'><strong>epistola</strong></span> 
     </span>
     <span class='ocr_line' id='line_1_37' title="bbox 186 4165 1511 4250; baseline 0.008 -21"><span class='ocrx_word' id='word_1_349' title='bbox 186 4171 267 4250; x_wconf 84' lang='lat' dir='ltr'><strong>apud</strong></span> <span class='ocrx_word' id='word_1_350' title='bbox 288 4171 451 4248; x_wconf 84' lang='lat' dir='ltr'><strong>losephum</strong></span> <span class='ocrx_word' id='word_1_351' title='bbox 472 4172 544 4229; x_wconf 89' lang='lat' dir='ltr'><strong>Ant.</strong></span> <span class='ocrx_word' id='word_1_352' title='bbox 566 4168 633 4227; x_wconf 90' lang='lat' dir='ltr'><strong>Iud.</strong></span> <span class='ocrx_word' id='word_1_353' title='bbox 656 4167 742 4236; x_wconf 87' lang='lat' dir='ltr'><strong>XVI,</strong></span> <span class='ocrx_word' id='word_1_354' title='bbox 766 4167 794 4238; x_wconf 87' lang='grc'><strong>6,</strong></span> <span class='ocrx_word' id='word_1_355' title='bbox 818 4167 870 4242; x_wconf 82' lang='lat'><strong>7¹)</strong></span> <span class='ocrx_word' id='word_1_356' title='bbox 893 4165 1086 4227; x_wconf 87' lang='lat' dir='ltr'><strong>demonstrat.</strong></span> <span class='ocrx_word' id='word_1_357' title='bbox 1130 4169 1236 4246; x_wconf 89' lang='lat' dir='ltr'><strong>Itaque</strong></span> <span class='ocrx_word' id='word_1_358' title='bbox 1257 4167 1431 4247; x_wconf 74' lang='grc' dir='ltr'>δικαιοδότης</span> <span class='ocrx_word' id='word_1_359' title='bbox 1453 4181 1511 4239; x_wconf 89' lang='lat' dir='ltr'><strong>uti·</strong></span> 
     </span>
     <span class='ocr_line' id='line_1_38' title="bbox 185 4267 1510 4351; baseline 0.006 -21"><span class='ocrx_word' id='word_1_360' title='bbox 185 4292 243 4350; x_wconf 88' lang='lat' dir='ltr'><strong>qne</strong></span> <span class='ocrx_word' id='word_1_361' title='bbox 265 4271 413 4351; x_wconf 88' lang='lat' dir='ltr'><strong>significat</strong></span> <span class='ocrx_word' id='word_1_362' title='bbox 435 4289 502 4329; x_wconf 88' lang='lat' dir='ltr'><strong>eum</strong></span> <span class='ocrx_word' id='word_1_363' title='bbox 524 4269 608 4329; x_wconf 91' lang='lat' dir='ltr'><strong>cuius</strong></span> <span class='ocrx_word' id='word_1_364' title='bbox 627 4269 794 4327; x_wconf 89' lang='lat' dir='ltr'><strong>iurisdictio</strong></span> <span class='ocrx_word' id='word_1_365' title='bbox 816 4275 875 4338; x_wconf 81' lang='lat' dir='ltr'><strong>est3</strong></span> <span class='ocrx_word' id='word_1_366' title='bbox 899 4267 953 4325; x_wconf 88' lang='lat' dir='ltr'><strong>sed</strong></span> <span class='ocrx_word' id='word_1_367' title='bbox 976 4276 1027 4325; x_wconf 87' lang='lat' dir='ltr'><strong>aut</strong></span> <span class='ocrx_word' id='word_1_368' title='bbox 1040 4270 1193 4346; x_wconf 89' lang='lat' dir='ltr'><strong>proprium</strong></span> <span class='ocrx_word' id='word_1_369' title='bbox 1209 4275 1401 4348; x_wconf 85' lang='lat' dir='ltr'><strong>magistratus</strong></span> <span class='ocrx_word' id='word_1_370' title='bbox 1423 4297 1510 4337; x_wconf 89' lang='lat' dir='ltr'><strong>voca-</strong></span> 
     </span>
     <span class='ocr_line' id='line_1_39' title="bbox 185 4369 1510 4443; baseline 0.002 -11"><span class='ocrx_word' id='word_1_371' title='bbox 185 4374 290 4433; x_wconf 90' lang='lat' dir='ltr'><strong>hulum</strong></span> <span class='ocrx_word' id='word_1_372' title='bbox 319 4380 373 4442; x_wconf 90' lang='lat' dir='ltr'><strong>est,</strong></span> <span class='ocrx_word' id='word_1_373' title='bbox 401 4372 452 4430; x_wconf 90' lang='lat' dir='ltr'><strong>ubi</strong></span> <span class='ocrx_word' id='word_1_374' title='bbox 471 4371 581 4430; x_wconf 91' lang='lat' dir='ltr'><strong>Latino</strong></span> <span class='ocrx_word' id='word_1_375' title='bbox 603 4372 743 4430; x_wconf 84' lang='lat' dir='ltr'><strong>iuridicas</strong></span> <span class='ocrx_word' id='word_1_376' title='bbox 766 4377 900 4426; x_wconf 88' lang='lat' dir='ltr'><strong>accurate</strong></span> <span class='ocrx_word' id='word_1_377' title='bbox 920 4369 1098 4443; x_wconf 87' lang='lat' dir='ltr'><strong>respondet,</strong></span> <span class='ocrx_word' id='word_1_378' title='bbox 1125 4380 1177 4428; x_wconf 90' lang='lat' dir='ltr'><strong>aut</strong></span> <span class='ocrx_word' id='word_1_379' title='bbox 1201 4371 1232 4427; x_wconf 89' lang='lat' dir='ltr'><strong>iu</strong></span> <span class='ocrx_word' id='word_1_380' title='bbox 1254 4373 1425 4432; x_wconf 87' lang='lat' dir='ltr'><strong>universum</strong></span> <span class='ocrx_word' id='word_1_381' title='bbox 1448 4395 1510 4434; x_wconf 87' lang='lat' dir='ltr'><strong>nra·</strong></span> 
     </span>
     <span class='ocr_line' id='line_1_40' title="bbox 186 4467 1509 4552; baseline 0.002 -20"><span class='ocrx_word' id='word_1_382' title='bbox 186 4477 342 4552; x_wconf 71' lang='lat' dir='ltr'><strong>gistrmum</strong></span> <span class='ocrx_word' id='word_1_383' title='bbox 364 4472 532 4530; x_wconf 89' lang='lat' dir='ltr'><strong>Romanum</strong></span> <span class='ocrx_word' id='word_1_384' title='bbox 559 4489 642 4540; x_wconf 89' lang='lat' dir='ltr'><strong>eum,</strong></span> <span class='ocrx_word' id='word_1_385' title='bbox 667 4487 759 4546; x_wconf 89' lang='lat' dir='ltr'><strong>penes</strong></span> <span class='ocrx_word' id='word_1_386' title='bbox 781 4487 869 4544; x_wconf 89' lang='lat' dir='ltr'><strong>quern</strong></span> <span class='ocrx_word' id='word_1_387' title='bbox 897 4467 999 4541; x_wconf 91' lang='lat' dir='ltr'><strong>aliquo</strong></span> <span class='ocrx_word' id='word_1_388' title='bbox 1025 4467 1113 4525; x_wconf 90' lang='lat' dir='ltr'><strong>modo</strong></span> <span class='ocrx_word' id='word_1_389' title='bbox 1134 4470 1300 4528; x_wconf 89' lang='lat' dir='ltr'><strong>iurisdictio</strong></span> <span class='ocrx_word' id='word_1_390' title='bbox 1322 4482 1369 4530; x_wconf 88' lang='lat' dir='ltr'><strong>est</strong></span> <span class='ocrx_word' id='word_1_391' title='bbox 1388 4474 1509 4550; x_wconf 86' lang='lat' dir='ltr'><strong>indicat,</strong></span> 
     </span>
     <span class='ocr_line' id='line_1_41' title="bbox 186 4567 1510 4651; baseline 0.001 -17"><span class='ocrx_word' id='word_1_392' title='bbox 186 4577 251 4634; x_wconf 87' lang='lat' dir='ltr'><strong>sive</strong></span> <span class='ocrx_word' id='word_1_393' title='bbox 276 4575 303 4633; x_wconf 87' lang='lat' dir='ltr'><strong>is</strong></span> <span class='ocrx_word' id='word_1_394' title='bbox 329 4573 451 4651; x_wconf 89' lang='lat' dir='ltr'><strong>proprio</strong></span> <span class='ocrx_word' id='word_1_395' title='bbox 478 4572 598 4630; x_wconf 88' lang='lat' dir='ltr'><strong>nominc</strong></span> <span class='ocrx_word' id='word_1_396' title='bbox 619 4569 780 4648; x_wconf 88' lang='lat' dir='ltr'><strong>proconsul</strong></span> <span class='ocrx_word' id='word_1_397' title='bbox 809 4570 872 4626; x_wconf 89' lang='lat' dir='ltr'><strong>sive</strong></span> <span class='ocrx_word' id='word_1_398' title='bbox 900 4567 1018 4642; x_wconf 85' lang='lat' dir='ltr'><strong>legatus</strong></span> <span class='ocrx_word' id='word_1_399' title='bbox 1039 4567 1171 4642; x_wconf 85' lang='lat' dir='ltr'><strong>Augusti</strong></span> <span class='ocrx_word' id='word_1_400' title='bbox 1199 4587 1254 4644; x_wconf 90' lang='lat' dir='ltr'><strong>pro</strong></span> <span class='ocrx_word' id='word_1_401' title='bbox 1280 4580 1418 4644; x_wconf 88' lang='lat' dir='ltr'><strong>praetore</strong></span> <span class='ocrx_word' id='word_1_402' title='bbox 1445 4577 1510 4634; x_wconf 88' lang='lat' dir='ltr'><strong>sive</strong></span> 
     </span>
     <span class='ocr_line' id='line_1_42' title="bbox 186 4666 1508 4743; baseline -0.001 -9"><span class='ocrx_word' id='word_1_403' title='bbox 186 4675 273 4734; x_wconf 87' lang='lat' dir='ltr'><strong>aliter</strong></span> <span class='ocrx_word' id='word_1_404' title='bbox 302 4684 434 4733; x_wconf 87' lang='lat' dir='ltr'><strong>vocatur.</strong></span> <span class='ocrx_word' id='word_1_405' title='bbox 485 4673 528 4732; x_wconf 89' lang='lat' dir='ltr'><strong>At</strong></span> <span class='ocrx_word' id='word_1_406' title='bbox 556 4690 596 4730; x_wconf 88' lang='lat' dir='ltr'><strong>ex</strong></span> <span class='ocrx_word' id='word_1_407' title='bbox 621 4671 668 4728; x_wconf 89' lang='lat' dir='ltr'><strong>his</strong></span> <span class='ocrx_word' id='word_1_408' title='bbox 695 4669 811 4727; x_wconf 89' lang='lat' dir='ltr'><strong>duabus</strong></span> <span class='ocrx_word' id='word_1_409' title='bbox 840 4666 1106 4743; x_wconf 85' lang='lat' dir='ltr'><strong>significationibus</strong></span> <span class='ocrx_word' id='word_1_410' title='bbox 1134 4666 1211 4725; x_wconf 85' lang='lat' dir='ltr'><strong>hanc</strong></span> <span class='ocrx_word' id='word_1_411' title='bbox 1239 4669 1336 4728; x_wconf 89' lang='lat' dir='ltr'><strong>solam</strong></span> <span class='ocrx_word' id='word_1_412' title='bbox 1362 4674 1393 4730; x_wconf 92' lang='lat' dir='ltr'><strong>iu</strong></span> <span class='ocrx_word' id='word_1_413' title='bbox 1421 4674 1508 4732; x_wconf 89' lang='lat' dir='ltr'><strong>titulo</strong></span> 
     </span>
    </p>
   </div>
   <div class='ocr_carea' id='block_1_3' title="bbox 187 4761 1508 4852">
    <p class='ocr_par' dir='ltr' id='par_1_4' title="bbox 187 4761 1508 4852">
     <span class='ocr_line' id='line_1_43' title="bbox 187 4761 1508 4852; baseline -0.002 -17"><span class='ocrx_word' id='word_1_414' title='bbox 187 4772 338 4852; x_wconf 86' lang='lat' dir='ltr'><strong>Spartano</strong></span> <span class='ocrx_word' id='word_1_415' title='bbox 359 4761 475 4833; x_wconf 87' lang='lat' dir='ltr'><strong>admitti</strong></span> <span class='ocrx_word' id='word_1_416' title='bbox 496 4790 588 4850; x_wconf 89' lang='lat' dir='ltr'><strong>posse</strong></span> <span class='ocrx_word' id='word_1_417' title='bbox 608 4771 676 4830; x_wconf 91' lang='lat' dir='ltr'><strong>iude</strong></span> <span class='ocrx_word' id='word_1_418' title='bbox 697 4777 788 4846; x_wconf 86' lang='lat' dir='ltr'><strong>patet,</strong></span> <span class='ocrx_word' id='word_1_419' title='bbox 810 4767 889 4844; x_wconf 92' lang='lat' dir='ltr'><strong>qnod</strong></span> <span class='ocrx_word' id='word_1_420' title='bbox 910 4785 1062 4845; x_wconf 88' lang='lat' dir='ltr'><strong>nunquam</strong></span> <span class='ocrx_word' id='word_1_421' title='bbox 1084 4767 1115 4825; x_wconf 90' lang='lat' dir='ltr'><strong>in</strong></span> <span class='ocrx_word' id='word_1_422' title='bbox 1135 4769 1291 4844; x_wconf 85' lang='lat' dir='ltr'><strong>provincia</strong></span> <span class='ocrx_word' id='word_1_423' title='bbox 1311 4773 1427 4832; x_wconf 86' lang='lat' dir='ltr'><strong>Achaia</strong></span> <span class='ocrx_word' id='word_1_424' title='bbox 1447 4795 1508 4834; x_wconf 86' lang='lat' dir='ltr'><strong>ma-</strong></span> 
     </span>
    </p>
   </div>
   <div class='ocr_carea' id='block_1_4' title="bbox 186 5066 1508 5318">
    <p class='ocr_par' dir='ltr' id='par_1_5' title="bbox 186 5066 1508 5318">
     <span class='ocr_line' id='line_1_44' title="bbox 263 5066 1507 5154; baseline -0.005 -20"><span class='ocrx_word' id='word_1_425' title='bbox 263 5081 289 5148; x_wconf 85' lang='lat'><strong>¹)</strong></span> <span class='ocrx_word' id='word_1_426' title='bbox 315 5077 425 5143; x_wconf 75' lang='grc' dir='ltr'>Ἰοόλιος</span> <span class='ocrx_word' id='word_1_427' title='bbox 452 5073 582 5140; x_wconf 71' lang='lat' dir='ltr'><strong>&#39;Ameletos</strong></span> <span class='ocrx_word' id='word_1_428' title='bbox 609 5069 750 5137; x_wconf 72' lang='grc' dir='ltr'>οἷνθόιιοιτος</span> <span class='ocrx_word' id='word_1_429' title='bbox 776 5073 881 5148; x_wconf 64' lang='grc' dir='ltr'><strong>ἔγραψεν</strong></span> <span class='ocrx_word' id='word_1_430' title='bbox 909 5070 1033 5142; x_wconf 61' lang='lat' dir='ltr'><strong>&#39;Etesiae</strong></span> <span class='ocrx_word' id='word_1_431' title='bbox 1057 5066 1170 5148; x_wconf 67' lang='grc' dir='ltr'>ἄρχουσι</span> <span class='ocrx_word' id='word_1_432' title='bbox 1195 5075 1280 5150; x_wconf 72' lang='grc' dir='ltr'>βουλῇ</span> <span class='ocrx_word' id='word_1_433' title='bbox 1305 5069 1371 5149; x_wconf 68' lang='grc' dir='ltr'><strong>δήμῳ</strong></span> <span class='ocrx_word' id='word_1_434' title='bbox 1395 5080 1507 5154; x_wconf 72' lang='grc' dir='ltr'>χαίρειν.</span> 
     </span>
     <span class='ocr_line' id='line_1_45' title="bbox 186 5163 1508 5249; baseline 0 -22"><span class='ocrx_word' id='word_1_435' title='bbox 186 5173 225 5228; x_wconf 86' lang='lat' dir='ltr'><strong>Oi</strong></span> <span class='ocrx_word' id='word_1_436' title='bbox 238 5175 262 5226; x_wconf 79' lang='lat' dir='ltr'><strong>lu</strong></span> <span class='ocrx_word' id='word_1_437' title='bbox 274 5175 308 5249; x_wconf 62' lang='lat' dir='ltr'><strong>&#39;tl</strong></span> <span class='ocrx_word' id='word_1_438' title='bbox 319 5169 398 5241; x_wconf 77' lang='grc' dir='ltr'><strong>Ἀσίᾳ</strong></span> <span class='ocrx_word' id='word_1_439' title='bbox 409 5169 528 5226; x_wconf 75' lang='lat' dir='ltr'><strong>’testata</strong></span> <span class='ocrx_word' id='word_1_440' title='bbox 542 5171 619 5230; x_wconf 76' lang='grc' dir='ltr'><strong>ιίδιῖς</strong></span> <span class='ocrx_word' id='word_1_441' title='bbox 632 5163 815 5240; x_wconf 63' lang='grc' dir='ltr'><strong>Φεβρουαρίοις</strong></span> <span class='ocrx_word' id='word_1_442' title='bbox 833 5163 1093 5218; x_wconf 71' lang='grc' dir='ltr'>δικαιοδοτοῦντί</span> <span class='ocrx_word' id='word_1_443' title='bbox 1112 5185 1154 5235; x_wconf 85' lang='grc' dir='ltr'>μοι</span> <span class='ocrx_word' id='word_1_444' title='bbox 1171 5167 1195 5220; x_wconf 80' lang='lat' dir='ltr'><strong>lv</strong></span> <span class='ocrx_word' id='word_1_445' title='bbox 1206 5163 1307 5236; x_wconf 72' lang='lat' dir='ltr'><strong>’aptes</strong></span> <span class='ocrx_word' id='word_1_446' title='bbox 1319 5163 1448 5241; x_wconf 73' lang='grc' dir='ltr'>όπίδιιξαν</span> <span class='ocrx_word' id='word_1_447' title='bbox 1461 5185 1508 5227; x_wconf 87' lang='lat' dir='ltr'><strong>etc.</strong></span> 
     </span>
     <span class='ocr_line' id='line_1_46' title="bbox 1253 5259 1308 5318; baseline 0.018 -1"><span class='ocrx_word' id='word_1_448' title='bbox 1253 5259 1308 5318; x_wconf 73' lang='lat'><strong>18&#39;</strong></span> 
     </span>
    </p>
   </div>
   <div class='ocr_carea' id='block_1_5' title="bbox 0 0 1860 5838">
    <p class='ocr_par' dir='ltr' id='par_1_6' title="bbox 0 0 1860 5838">
     <span class='ocr_line' id='line_1_47' title="bbox 0 0 1860 5838; baseline 0 0"><span class='ocrx_word' id='word_1_449' title='bbox 0 0 1860 5838; x_wconf 95' lang='lat' dir='ltr'><strong> </strong></span> 
     </span>
    </p>
   </div>
  </div>
 </body>
</html>
