3742 5826
668 502 1094 566 nvncmaeousvnams.
1476 497 1544 566 191

221 668 360 727 Tacitum
391 669 567 729 referentem
599 672 635 730 de
665 669 783 731 Galbae
815 677 1022 736 consulatuum
1054 679 1242 740 ordinatione
1270 683 1307 741 ab
1323 673 1460 742 ¹Othone¹
1487 705 1547 745 uon

221 777 334 828 mutata
365 771 654 849 uomiaa'posnissc
682 791 742 832 non
769 776 900 834 omnium
929 779 1086 839 consulum
1116 799 1135 838 a
1163 779 1263 842 Galba
1289 791 1342 843 aut
1367 793 1547 847 retenturum

221 879 274 928 aut
301 880 480 962 creatorum,
510 874 563 932 sed
592 893 627 931 ea
653 883 767 933 tantum
795 877 951 936 consulum
978 881 1063 956 paria
1092 885 1278 958 enuntiasse,
1306 904 1383 963 qnae
1413 906 1481 955 vere
1509 889 1548 947 ad

221 971 363 1030 honorem
390 982 496 1049 postea
521 975 744 1050 pervenissent,
772 977 890 1052 reliqua
917 980 973 1037 sub
1001 990 1164 1043 ceterorum
1187 986 1332 1044 vocabulo
1360 987 1547 1064 significasse

220 1081 401 1132 contentum.
434 1074 553 1150 ¹Itaque
576 1073 674 1135 Galba
700 1094 810 1136 annum
831 1080 876 1136 ita
895 1080 1061 1156 distribuit,
1077 1093 1123 1143 ut
1143 1094 1213 1163 post
1233 1087 1361 1162 primum
1383 1089 1546 1148 nundinum

220 1173 438 1248 quadrimestre
460 1183 654 1252 sequerentur
674 1177 831 1238 bimestris
851 1188 1003 1255 quattuor,
1024 1184 1163 1261 deditque
1177 1187 1288 1247 Maium
1311 1195 1341 1246 et
1359 1189 1476 1248 lunium
1493 1187 1546 1249 Sa-

220 1273 309 1345 binis,
330 1275 439 1334 lulium
462 1286 491 1335 et
511 1279 684 1356 Augustum
708 1280 860 1340 Antonino
882 1291 913 1340 et
934 1280 1036 1354 Celso,
1058 1283 1273 1363 Septembrem,
1297 1286 1468 1363 Octobrem,
1483 1289 1546 1348 No·

219 1375 379 1446 tembrem,
401 1376 596 1437 Decembrem
619 1380 720 1440 divisit
740 1383 819 1441 inter
840 1383 989 1443 Marinum
1011 1386 1146 1446 Macrum
1169 1385 1293 1448 Costam
1315 1391 1456 1449 Atticum.
1558 1459 1561 1466 Δ

300 1473 371 1536 ‘Iam
398 1478 552 1539 videamus
579 1480 615 1540 de
632 1481 766 1541 Vitellio.
811 1481 981 1546 Secundum
1010 1505 1046 1546 ea
1071 1506 1148 1564 quae
1174 1489 1306 1548 diximus
1333 1499 1453 1550 constat
1479 1509 1546 1549 eum

219 1577 379 1637 retinuisse
407 1598 446 1638 ex
472 1580 629 1641 destinatis
656 1600 675 1639 a
697 1581 796 1644 Galba
818 1583 947 1646 Sabinos
968 1587 1058 1660 duos,
1080 1589 1281 1664 Antoninum,
1304 1589 1445 1664 Celsum,
1467 1592 1547 1650 Atti·

219 1695 299 1749 cum,
325 1679 437 1739 honore
464 1682 614 1760 depulisse
639 1685 804 1756 Marinum,
832 1686 981 1759 Macrum,
1004 1687 1138 1748 Costam.
1181 1691 1252 1767 lpse
1279 1691 1449 1769 designavit
1476 1709 1546 1750 con·

219 1778 300 1838 eules
323 1791 464 1856 quattuor
479 1783 647 1858 Veientem,
671 1785 840 1860 Caecinam,
863 1786 1046 1864 Simplicem,
1070 1789 1227 1867 Regulum.
1271 1792 1311 1850 Et
1336 1793 1373 1852 de
1395 1793 1457 1852 illis
1479 1791 1546 1868 qui-

219 1879 285 1938 dem
314 1883 359 1940 sie
385 1884 430 1942 ait
455 1883 578 1943 Tacitus
604 1885 638 1958 2,
661 1888 713 1944 71:
746 1897 778 1946 nt
799 1888 914 1947 Valenti
940 1898 966 1948 et
995 1888 1138 1950 Caecinae
1161 1911 1268 1952 cenas
1296 1894 1410 1952 Macris
1438 1909 1546 1950 menses

217 1986 351 2056 aperiret,
373 1989 494 2043 merleti
514 1987 638 2044 aliorum
658 1989 838 2047 consulatus.-
866 1992 1063 2050 dissimulatus
1084 1992 1183 2050 Marci
1205 1993 1306 2075 diceri
1442 2003 1467 2051 et
1487 1991 1544 2050 Vn·
1617 2019 1630 2034 ν

218 2081 317 2140 leriam
331 2084 479 2143 Merinum
501 2089 670 2146 destinatam
691 2109 711 2147 a
729 2089 824 2149 Galla
846 2091 957 2150 distulit
1068 2093 1213 2152 Pedanius
1227 2093 1315 2152 Costa
1336 2097 1472 2152 omittitur

218 2183 267 2241 Ad
284 2181 461 2260 simplicem
488 2189 567 2263 quod
593 2191 714 2261 attinet,
741 2191 784 2249 sic
811 2192 889 2250 idem
912 2191 960 2268 (2,
977 2192 1045 2269 60):
1073 2194 1172 2252 Mario
1197 2195 1276 2252 Celso
1298 2193 1462 2252 consulatue
1484 2209 1543 2250 ser-

217 2293 308 2355 uetur,
337 2287 389 2344 sed
413 2289 548 2346 creditum
567 2293 654 2367 sama
676 2291 865 2367 obiectumque
886 2312 950 2351 moe
972 2297 1001 2350 ia
1022 2303 1123 2351 senatu
1144 2292 1267 2351 Caecilio
1290 2291 1439 2368 Simplici,
1467 2293 1545 2368 qaod

216 2402 276 2443 eure
303 2386 434 2446 loamem
458 2393 582 2464 pecunia
608 2396 730 2450 mercari
755 2410 805 2450 nec
827 2396 888 2450 eine
910 2397 993 2451 eeitio
1018 2393 1093 2453 Celsi
1112 2393 1263 2454 voluisset:
1290 2397 1392 2452 rediit
1414 2393 1543 2452 Vitellius

217 2487 347 2563 deditque
364 2500 467 2565 postea
488 2493 665 2550 emaciatum
679 2492 812 2568 Simplici
833 2496 976 2553 iunoniam
998 2503 1024 2551 et
1043 2498 1202 2568 inemptum.
1238 2491 1377 2568 Denique
1397 2493 1433 2551 de
1448 2492 1543 2550 Rusio

216 2587 334 2664 Regulo
356 2589 386 2648 in
408 2591 512 2649 locum·
530 2589 679 2651 Caecinae
701 2593 824 2652 consule
845 2594 933 2652 unius
954 2593 1013 2651 diei
1035 2593 1112 2652 idem
1133 2595 1226 2652 refert
1248 2595 1276 2666 3,
1293 2594 1342 2652 37.
1360 2627 1395 2636 -
1427 2591 1543 2666 Quibus

216 2687 321 2748 diebus
348 2677 485 2750 eonsules
500 2692 653 2752 Vitelliani
678 2695 813 2766 inierint,
840 2703 976 2769 superest
1001 2703 1035 2752 ut
1062 2711 1258 2770 exponamus.
1302 2691 1424 2754 Sabinis
1450 2709 1543 2769 supra

216 2790 343 2850 vidimus
365 2811 384 2849 a
399 2791 497 2852 Galba
518 2795 684 2854 destinatos
704 2796 801 2854 fuisse
821 2811 939 2854 menses
954 2794 1067 2852 Maium
1089 2800 1119 2852 et
1140 2795 1268 2866 Iunium,
1290 2783 1468 2853 rodininse
1490 2810 1542 2851 eos

215 2897 282 2951 ant‘e
304 2903 422 2970 tempus
445 2913 547 2954 mense
561 2896 661 2972 Aprili
683 2897 780 2956 medio
801 2904 986 2966 extremove3
1008 2911 1078 2953 num
1102 2895 1270 2954 antediem
1293 2893 1426 2954 aGalba
1446 2894 1543 2952 deter-

215 2993 358 3052 minatum
380 2995 493 3054 honore
515 2997 643 3056 abierint
663 3015 764 3068 necne,
786 3017 847 3056 non
863 2995 998 3054 traditur.
1036 2994 1269 3056 successoribus
1285 2993 1465 3056 Sabinorum
1480 2995 1542 3052 An·

216 3095 319 3154 tonino
341 3104 371 3154 et
393 3095 481 3155 Celso
503 3098 645 3158 honorem
668 3097 835 3156 servavisse
851 3095 1007 3154 Vitellium
1029 3103 1162 3169 constat,
1184 3111 1303 3172 menses
1324 3096 1430 3156 iisdem
1452 3095 1541 3155 desti·

216 3205 302 3254 natos
329 3214 389 3256 non
410 3199 590 3257 servavisse.
633 3198 714 3257 Nam
737 3197 895 3256 Caecinam
917 3203 947 3254 et
967 3195 1126 3256 Valentem
1147 3197 1191 3255 ita
1210 3197 1242 3255 in
1263 3195 1397 3256 ordinem
1419 3197 1542 3272 recepit,

214 3303 247 3354 ut
272 3315 374 3354 eorum
401 3315 493 3357 causa
519 3299 646 3358 aliorum
675 3297 848 3357 consulatus
871 3303 1029 3367 coartaret,
1058 3297 1134 3356 alios
1156 3298 1269 3357 honore
1290 3297 1432 3372 privaret.
1475 3296 1540 3354 Iam

214 3416 280 3455 cnm
307 3406 424 3457 constet
449 3401 638 3459 consulatum
665 3399 703 3457 iis
731 3398 831 3456 datum
858 3415 925 3457 esse
951 3397 981 3454 in
1008 3397 1038 3454 k.
1067 3395 1254 3456 Novembres
1280 3397 1364 3472 (nam
1392 3393 1540 3454 Caecinae

214 3515 279 3556 cum
307 3499 403 3556 honor
433 3500 647 3576 abrogabatur,
680 3516 757 3557 unns
785 3497 850 3557 dies
879 3497 944 3556 eius
972 3497 1118 3573 superfuit
1146 3497 1222 3574 prid.
1251 3498 1281 3556 k.
1310 3495 1386 3555 Nor.
1417 3503 1540 3554 anctore

214 3597 320 3658 Tacito
343 3601 372 3670 3,
388 3597 458 3675 37),
489 3608 613 3677 apparet
634 3607 667 3659 ut
685 3599 771 3658 locus
792 3598 829 3658 iis
849 3599 935 3658 fieret
956 3597 1099 3674 expulsos
1121 3615 1189 3656 esse
1210 3597 1320 3673 quibus
1344 3595 1444 3656 Galba
1465 3595 1538 3671 Sep-

214 3701 356 3759 tembrem
378 3707 407 3758 et
428 3699 588 3760 Octobrem
610 3700 787 3773 destinaret,
812 3708 887 3777 puta
906 3699 1055 3759 Marinum
1077 3706 1107 3758 et
1127 3699 1275 3769 Macrum3
1301 3699 1322 3756 ii
1345 3706 1443 3756 antem
1466 3715 1538 3772 quo-

214 3819 277 3859 rnm
304 3803 401 3860 honor
427 3802 518 3860 simul
545 3802 750 3872 coartabatur,
782 3817 851 3861 esse
882 3819 941 3858 non
973 3807 1134 3877 potuerunt
1161 3799 1220 3860 nisi
1246 3799 1298 3875 qui
1322 3797 1539 3875 praecedebant

213 3901 382 3959 Antoninus
404 3910 434 3959 et
448 3900 564 3961 Celsus.
599 3900 707 3978 Neque
729 3901 916 3960 coartabatur
930 3902 1002 3968 ,sine
1023 3901 1125 3978 aliqua
1146 3901 1210 3958 slve
1232 3917 1324 3959 causa
1345 3899 1408 3960 sire
1423 3899 1537 3975 specie3

213 4020 280 4060 nam
303 4019 370 4059 eum
384 3998 486 4062 Sabini
509 4012 577 4061 ante
599 4011 716 4079 tempus
738 4003 943 4081 magistratum
966 4002 1159 4079 occepissent,
1181 4019 1241 4061 non
1262 4001 1363 4078 inique
1377 4008 1538 4078 potuerunt

211 4103 307 4163 iuberi
329 4110 397 4162 ante
418 4110 533 4181 tempus
548 4122 617 4163 eum
631 4105 762 4162 eiurare:
784 4103 923 4179 idemque
938 4091 1076 4163 similiter
1089 4102 1170 4162 cadit
1183 4103 1215 4162 in
1230 4117 1419 4162 successores
1432 4096 1536 4179 proxi·

211 4221 286 4263 mos.
334 4201 435 4276 Quare
460 4205 511 4262 ubi
536 4205 675 4283 ponimus
702 4203 955 4266 Sabinos-fasces
982 4205 1112 4280 gessisse
1139 4221 1158 4261 a
1183 4220 1286 4263 mense
1312 4203 1410 4280 Aprili
1437 4199 1535 4262 medie

211 4313 283 4380 puts
309 4304 347 4362 ad
367 4305 514 4364 kalendas
534 4306 641 4365 idusve
662 4306 775 4377 lunias,
797 4305 983 4364 Antoninum
1005 4311 1036 4362 et
1057 4303 1179 4364 Celsum
1201 4320 1220 4363 a
1240 4303 1378 4362 kalendis
1400 4301 1535 4359 idibusve

211 4409 306 4468 Iuniis
333 4409 371 4467 ad
399 4407 545 4466 kalendas
572 4406 676 4465 idusve
697 4409 865 4484 Augustas,
892 4405 1101 4481 aperiebantur
1123 4403 1242 4462 Valenti
1264 4409 1294 4460 et
1316 4399 1462 4459 Caecinae
1483 4409 1535 4456 aut

211 4508 270 4578 duo
290 4527 410 4569 menses
431 4527 499 4567 eum
519 4508 644 4566 dimidio
665 4517 719 4566 aut
739 4523 858 4565 menses
879 4504 987 4582 integri
1008 4513 1079 4575 tres,
1101 4513 1132 4562 et
1152 4503 1197 4561 sie
1217 4509 1297 4560 reete
1318 4499 1419 4558 omnia
1438 4497 1533 4575 expli·

210 4618 324 4668 cantur.
360 4609 439 4670 Nam
460 4627 513 4686 per
534 4625 652 4668 menses
666 4606 867 4666 Nouembrem
889 4615 921 4665 et
933 4604 1131 4664 Decembrem
1152 4607 1270 4661 ccusmt
1290 4599 1388 4658 fasces
1402 4598 1532 4675 gessisse

210 4712 342 4770 Atticum
369 4730 387 4770 a
409 4709 506 4770 Galba
519 4710 634 4787 ‘opinor
655 4708 835 4768 destinatum
857 4715 887 4764 et
908 4703 1078 4782 simplicem
1099 4703 1250 4762 inlocum
1271 4701 1400 4760 fortasse
1422 4696 1532 4770 Coelae

209 4832 227 4870 a
241 4810 367 4872 Vitellio
387 4805 599 4871 substitutum’.
1210 4801 1212 4806 ’

291 4902 446 4972 Hactenus
471 4913 684 4974 Mommsenus.
732 4907 914 4969 Consulatus
940 4909 1033 4985 igitur
1058 4905 1128 4965 anni
1148 4904 1204 4978 69,
1230 4903 1256 4963 si
1282 4903 1411 4962 vixisset
1436 4899 1530 4972 Nero,

208 5022 368 5075 semestres
388 5013 528 5074 videntur
551 5013 645 5073 futuri
668 5010 771 5072 inisse.
816 5008 917 5071 Galba
936 5011 1045 5087 partim
1065 5005 1300 5084 quadrimestres
1320 5003 1399 5075 iecit,
1420 5002 1530 5080 partim

207 5116 376 5190 bimestres,
397 5135 452 5176 nec
474 5115 601 5176 mutarit
620 5114 781 5191 quicquam
803 5112 894 5185 Otho,
916 5111 975 5171 nisi
996 5110 1078 5188 qnod
1096 5111 1128 5170 in
1149 5109 1225 5170 duas
1244 5113 1346 5184 partes
1367 5097 1529 5166 nauffinum
