3742 5826
341 594 414 664 144
503 637 507 644 -
910 601 1092 659 uonnsart

342 805 371 844 n.
392 783 483 842 2764.
505 781 601 858 2765)
628 798 716 856 quam
739 795 758 836 a
779 778 929 836 Bursiano
950 777 1047 854 (Ball.
1071 774 1138 836 deil'
1158 777 1231 834 last.
1256 775 1334 835 1855
1356 793 1386 851 p.
1401 774 1532 852 XXX),
1558 775 1667 837 collata

340 885 468 960 denique
492 901 588 959 nuper
613 900 632 939 a
651 878 820 952 chblero,
847 897 901 938 nec
926 879 1015 938 latuit
1037 879 1117 937 viros
1138 878 1260 948 doctos,
1286 876 1337 953 qui
1359 894 1414 953 per
1434 876 1490 936 hos
1511 895 1608 936 annos
1628 877 1666 937 de

340 985 462 1044 familiis
483 983 546 1042 illis
568 988 706 1057 egerunt,
733 989 832 1039 tamen
854 979 893 1038 ad
918 997 994 1057 quos
1015 979 1136 1056 proprie
1156 978 1320 1055 pertineat,
1340 977 1371 1036 in
1393 985 1477 1037 mna
1497 980 1584 1037 turba
1604 988 1666 1036 tam

339 1084 524 1144 Liciniorum
552 1101 641 1159 quam
663 1077 896 1158 Calpurniorum
922 1080 1057 1139 nondum
1074 1079 1265 1157 exploratum
1286 1085 1342 1137 est
1386 1077 1550 1153 Quaerenti
1572 1080 1609 1137 de
1630 1097 1667 1137 ea

338 1186 569 1262 Dittenbergero
590 1201 667 1258 quae
687 1181 840 1258 respondi,
861 1181 989 1239 licetne
1011 1179 1083 1239 mibi
1104 1179 1223 1256 quidem
1246 1181 1434 1251 successerit,
1456 1188 1489 1237 ut
1510 1181 1612 1240 omnia
1627 1180 1666 1238 ad

339 1286 486 1366 liquidum
506 1284 708 1360 perducerem,
730 1290 830 1340 tamen
852 1299 912 1339 non
934 1280 1058 1357 indigua
1071 1281 1138 1339 visa
1151 1287 1232 1352 sunt,
1255 1298 1332 1357 quae
1345 1280 1393 1339 hic
1407 1280 1620 1357 proferrentur.

423 1386 559 1446 Titulum
586 1383 715 1459 optimae
743 1382 850 1442 astaus
876 1400 945 1442 esse
972 1400 1040 1442 cum
1066 1381 1136 1440 inde
1164 1381 1326 1457 colligitur,
1353 1380 1434 1456 quod
1455 1381 1585 1440 honores
1605 1399 1666 1438 non

340 1496 501 1566 ponuntur,
527 1492 590 1544 tum
611 1483 741 1542 maxime
762 1501 802 1542 ex
821 1482 934 1557 forma,
961 1501 1038 1561 quse
1059 1489 1107 1540 est
1128 1472 1316 1562 Καλπέρνιος,
1342 1481 1521 1558 praehabita
1540 1481 1569 1540 ei
1589 1499 1667 1556 quae

340 1597 447 1668 postca
471 1585 598 1645 obtinuit
623 1598 769 1663 expressa
794 1603 848 1660 per
874 1605 916 1640 ου.
958 1582 1039 1643 Nam
1065 1583 1281 1643 demonstravit
1301 1601 1397 1660 nuper
1415 1582 1666 1659 Dittenbergerus

340 1691 372 1748 in
392 1687 523 1748 Hermae
543 1686 636 1746 volti
657 1705 687 1762 p.
704 1683 764 1742 284
783 1682 926 1742 Latinum
953 1705 985 1741 ru
1013 1701 1069 1760 pro
1094 1683 1262 1759 antiquiore
1288 1705 1301 1738 r
1325 1683 1357 1741 in
1378 1683 1489 1742 talibus
1511 1702 1530 1742 a
1550 1682 1665 1742 Tiberii

336 1791 403 1851 ,fere
430 1797 527 1848 aetate
550 1787 698 1863 incipere,
726 1785 925 1861 antiquiorem
952 1783 1100 1844 scribendi
1126 1785 1272 1843 rationem
1293 1793 1362 1861 post
1381 1769 1511 1860 primum
1532 1794 1666 1844 nostrum

341 1890 493 1952 saeculum
514 1906 574 1948 non
596 1886 724 1963 amplius
745 1903 911 1958 occurrere,
933 1895 967 1945 ut
987 1885 1035 1944 vel
1055 1905 1095 1945 ex
1114 1886 1172 1945 boc
1193 1884 1261 1944 solo
1281 1893 1455 1963 argumento
1469 1894 1586 1945 constet
1597 1886 1665 1944 titu·

340 1994 403 2051 lum
422 2007 492 2050 enm
513 1988 550 2048 ds
569 2005 631 2064 quo
653 1987 770 2064 agimus
791 1986 925 2045 Traiano
946 1986 1124 2046 anteriorem
1146 2004 1225 2046 esse.

424 2089 512 2151 Duae
539 2095 657 2148 statuae
682 2087 778 2147 eidem
804 2088 871 2147 basi
897 2087 1056 2163 impositae
1084 2105 1149 2146 cum
1172 2105 1231 2146 non
1252 2088 1442 2147 inveniantur
1463 2087 1523 2146 nisi
1544 2087 1576 2146 in
1597 2105 1666 2146 con·
1724 2082 1727 2092 ’

340 2194 450 2253 iunctis
476 2189 629 2266 personis,
656 2189 788 2248 maxime
813 2188 843 2246 in
871 2189 1063 2266 coniugibus,
1088 2188 1167 2248 inter
1190 2188 1274 2247 basis
1301 2187 1383 2248 illius
1406 2188 1443 2248 L.
1465 2187 1609 2248 Pisonem
1637 2195 1667 2247 et

340 2295 382 2353 M.
411 2292 507 2368 Frugi
537 2287 726 2349 necessitudo
758 2287 862 2364 aliqua
888 2289 1089 2348 intercesserit
1114 2306 1239 2348 necesse
1267 2296 1321 2349 eet
1371 2287 1535 2350 Videamus
1565 2291 1667 2366 igitur,

340 2396 393 2470 qui
414 2391 568 2452 extiterint
589 2389 694 2450 Crassi
715 2388 821 2465 Frugi,
846 2397 877 2448 ct
901 2389 971 2448 inde
991 2389 1116 2466 profecti
1138 2407 1285 2467 quosnam
1306 2389 1328 2449 ii
1348 2391 1489 2467 aequales
1510 2391 1667 2450 habuerint

341 2494 378 2554 L.
400 2493 539 2552 Pisones.

425 2591 521 2670 Frugi
542 2607 707 2670 cognomen
728 2598 826 2651 aetate
846 2591 959 2652 liberae
979 2591 1024 2652 rei
1045 2593 1182 2669 publicae
1198 2593 1351 2671 proprium
1364 2592 1421 2652 suit
1434 2590 1667 2670 Calpurniorum

342 2697 502 2766 Pisonum,
528 2710 655 2769 quornm
682 2693 797 2768 primus
823 2691 855 2751 id
880 2693 995 2771 aceepit
1015 2703 1046 2754 et
1066 2693 1104 2752 ad
1125 2703 1263 2770 posteros
1284 2695 1464 2771 propagavit
1482 2693 1519 2753 L.
1542 2693 1667 2772 Calpur·

342 2798 410 2855 nius
432 2793 468 2854 L.
490 2794 512 2852 t'.
526 2792 601 2852 Piso
615 2792 710 2869 Frugi
731 2799 768 2851 tr.
789 2793 831 2871 pl.
853 2813 881 2853 a.
897 2794 967 2864 605,
989 2812 1052 2854 ros.
1073 2813 1101 2853 a.
1118 2793 1176 2854 621
1189 2794 1229 2870 ¹),
1250 2794 1331 2854 idem
1351 2813 1450 2853 rerum
1465 2795 1666 2855 Romanarum

342 2897 477 2973 locuples
498 2901 610 2954 auctor.
647 2893 796 2953 Videntur
816 2903 916 2954 autem
937 2894 1067 2955 Pisones
1090 2895 1183 2974 Frugi
1205 2905 1236 2954 et
1256 2895 1383 2954 Pisones
1398 2894 1573 2968 Caesonini,
1593 2915 1667 2973 quc-

342 3018 407 3058 rum
429 2997 568 3074 princeps
590 3000 637 3053 est
656 2992 693 3052 L.
709 2992 893 3073 Calpurnius
916 2994 951 3055 C.
973 2997 994 3054 f.
1011 2993 1046 3057 C.
1069 3016 1098 3055 n.
1120 2996 1195 3055 Piso
1213 2994 1402 3056 Caesoninus
1425 2997 1530 3056 consul
1551 3015 1579 3057 a.
1597 2997 1666 3070 606,

341 3097 469 3178 profecti
494 3114 561 3156 csse
588 3095 626 3154 ab
653 3093 758 3154 eadem
779 3096 888 3175 stirpe,
915 3096 1030 3156 scilieet
1050 3113 1223 3157 communes
1244 3099 1374 3156 maiores
1396 3097 1535 3158 babuisse
1560 3096 1596 3158 C.
1617 3097 1667 3157 Pi-

342 3219 446 3260 sonem
468 3196 504 3258 Ο.
526 3198 548 3255 f.
571 3195 606 3257 C.
627 3216 656 3255 n.
684 3196 839 3256 consulem
865 3216 892 3256 a.
907 3196 970 3256 574
996 3206 1027 3257 et
1047 3196 1081 3257 C.
1105 3197 1248 3257 Pisonem
1273 3208 1442 3275 praetorem
1467 3217 1495 3256 a
1511 3199 1587 3270 543,
1615 3198 1667 3275 qui

342 3301 441 3378 primi,
463 3307 607 3375 quantum
628 3296 746 3374 quidem
768 3315 824 3356 nos
846 3298 1054 3376 comperimus,
1075 3305 1193 3374 gentem
1208 3279 1403 3375 Calpurniam
1420 3300 1666 3372 nobilitaverunt3

342 3421 411 3460 nam
433 3407 463 3460 et
483 3397 644 3476 propinqui
665 3397 723 3457 sibi
743 3397 918 3473 dicunturi)
940 3406 972 3457 et
991 3399 1187 3477 praenomine
1200 3397 1271 3460 Gaii
1291 3409 1322 3458 et
1336 3398 1421 3460 Lucii
1443 3400 1560 3478 utrique
1581 3401 1667 3477 stirpi

342 3502 511 3562 communia
537 3506 607 3558 sunt
629 3508 665 3557 et
690 3499 829 3558 extinctis
850 3499 1013 3558 Pisonibus
1035 3498 1130 3577 Frugi
1155 3517 1320 3577 cognomen
1341 3501 1399 3562 boc
1420 3502 1458 3560 'ad
1480 3500 1667 3562 Caesoninos

342 3613 492 3681 tamquam
517 3599 671 3678 gentilicio
691 3599 756 3657 iure
776 3593 894 3657 ridetur
918 3599 1083 3660 transiisse.
1125 3599 1206 3661 Nam
1226 3619 1293 3660 cum
1314 3601 1460 3660 Pisonum
1482 3601 1579 3680 Frugi
1598 3603 1667 3661 uiti·

343 3723 420 3776 mus,
435 3720 524 3779 quem
538 3700 658 3775 quidem
673 3701 816 3771 norimus,
831 3696 928 3758 Gaius
943 3707 1087 3775 quaestor
1100 3720 1128 3760 a.
1141 3701 1201 3761 696
1216 3721 1307 3779 gener
1322 3699 1476 3762 Ciceronis
1490 3703 1666 3763 adulescens

342 3804 451 3862 obierit
470 3818 548 3861 anno
569 3798 761 3875 sequente³)‚
781 3817 947 3878 cognomen
969 3818 1040 3859 mox
1061 3801 1190 3861 reditio
1210 3801 1246 3860 1..
1269 3801 1433 3879 Calpurnio
1453 3802 1490 3862 L.
1513 3805 1534 3863 i.
1557 3805 1667 3864 Pisone

343 3905 436 3980 Frugi
463 3899 587 3961 consule
613 3917 641 3958 a.
657 3898 716 3958 739
726 3897 772 3974 ⁴),
798 3917 886 3976 quem
912 3909 1033 3960 constet
1056 3910 1177 3962 auctore
1198 3903 1308 3964 Tacito
1333 3903 1416 3979 (ann.
1440 3903 1539 3982 6,10)
1563 3915 1667 3965 natum

342 4093 545 4107 —————·

420 4225 444 4287 ¹)
473 4224 514 4276 Cf.
538 4224 704 4276 Dnrmaunus
730 4228 760 4289 2,
780 4227 874 4293 dlseq.
917 4229 1002 4281 Patris
1025 4223 1120 4284 nomen
1143 4234 1290 4284 rescivimus
1315 4247 1348 4284 ex
1371 4235 1544 4286 monumentis
1566 4233 1593 4294 1,
1613 4233 1665 4285 196

343 4319 378 4384 (p.
393 4315 438 4379 62)
457 4332 482 4367 v.
496 4317 532 4367 ⁷4
557 4323 583 4365 et
600 4317 627 4378 1,
647 4317 709 4367 642.
748 4316 798 4370 Gai
822 4334 903 4385 nepos
921 4322 997 4387 vulgo
1020 4324 1163 4389 appellatur
1185 4325 1241 4375 sinc
1260 4329 1371 4376 auctc're.
1409 4309 1583 4390 Cognomen,
1598 4323 1667 4390 quod

341 4415 442 4476 ponunt
458 4408 509 4472 Ipsi
527 4407 587 4458 sesti
601 4407 741 4473 Capitolini
760 4408 784 4471 (1
802 4425 828 4475 p.
842 4411 916 4474 tas),
937 4427 996 4463 eum
1013 4415 1124 4478 primum
1143 4416 1266 4466 meruisse
1285 4416 1379 4467 diserto
1392 4417 1430 4467 sit
1444 4417 1582 4466 adnotator
1594 4416 1666 4466 Cice·

341 4502 411 4552 renis
429 4499 566 4550 Bobiensis
588 4513 615 4563 p.
630 4499 692 4550 233.
727 4501 873 4567 Diligenter
897 4502 930 4553 de
953 4519 985 4554 eo
1009 4505 1076 4556 dixit
1099 4521 1182 4572 nuper
1203 4508 1292 4557 Herm.
1314 4507 1392 4558 Peter
1415 4507 1475 4557 hist.
1493 4507 1569 4558 Rom.
1593 4507 1666 4572 reliq.

341 4608 368 4658 p.
379 4591 573 4643 CLXXXVIII
581 4605 634 4656 seq.

417 4678 442 4744 ²)
469 4682 499 4732 L.
519 4681 582 4732 Piso
602 4682 762 4734 Caesoninus
780 4685 869 4734 consul
888 4698 912 4736 s.
926 4685 979 4737 696
998 4687 1158 4752 propinquus
1176 4686 1269 4738 dieitur
1285 4689 1389 4740 Pisonis
1406 4688 1485 4753 Frugi
1503 4688 1552 4739 riri
1565 4689 1668 4739 'Pulliae

340 4772 410 4838 apud
429 4771 580 4824 Ciceronem
604 4788 662 4823 eum
685 4788 796 4839 sanga
816 4790 856 4840 eg.
878 4776 924 4840 15,
940 4776 974 4827 ³8
1000 4785 1026 4827 et
1048 4793 1097 4843 pro
1115 4779 1182 4832 Sest.
1203 4779 1311 4843 ³1,6s,
1335 4779 1422 4830 affinis
1441 4780 1574 4831 Ciceronis
1597 4779 1666 4844 apud

340 4865 424 4932 ipsum
442 4878 490 4928 pro
509 4864 577 4916 Sest.
597 4864 672 4915 stu.

417 4950 442 5015 ¹)
469 4953 606 5005 Drumann
625 4957 650 5017 2,
665 4955 709 5005 63.

415 5042 441 5106 ⁴)
468 5045 536 5098 Nam
555 5043 590 5095 It.
609 5032 781 5113 Kalacdpuee
798 5043 832 5095 It.
846 5044 879 5096 ul.
902 5040 992 5096 Πίσων
1011 5036 1133 5117 Φοῦρτιος
1150 5051 1244 5101 dicitur
1262 5052 1289 5102 in
1308 5050 1398 5102 Indice
1415 5052 1524 5115 Dionis,
1549 5053 1593 5102 obi
1617 5051 1666 5102 boc

341 5140 489 5200 corruptum
507 5149 562 5187 esse
582 5141 688 5202 apparet
707 5150 740 5186 ex
758 5133 862 5206 cpotya
895 5138 1035 5192 Praeterea
1052 5140 1107 5191 solo
1121 5139 1224 5193 Pisonis
1243 5143 1396 5208 cognomine
1413 5143 1565 5210 appellatur,
1583 5155 1665 5206 neque

340 5241 460 5292 umquam
479 5225 618 5280 Caesonini
636 5227 661 5278 si
679 5225 806 5279 tribuitur.
