3736 5822
375 547 421 617 66
946 555 1128 609 uouusnrt

374 737 459 811 origo
480 733 562 792 clara
583 743 629 791 est
650 740 680 790 et
702 729 881 799 indubitatam
903 727 1041 786 nimirum
1064 724 1103 785 D.
1119 727 1224 785 lunius
1240 723 1362 785 Silanus
1384 731 1505 802 praetor
1526 745 1553 785 a.
1570 725 1630 784 612
1654 745 1704 784 na·

289 879 306 906 ,
374 837 501 896 turalem
529 843 644 911 patrem
665 831 771 890 habult
792 829 830 888 Τ.
853 827 998 886 Manlium
1020 827 1208 904 Torquatum
1231 825 1384 884 consulem
1406 843 1433 884 a.
1451 826 1529 898 589,
1553 844 1572 884 a
1594 844 1654 901 quo
1674 827 1704 885 in

373 937 565 1012 adoptionem
587 932 675 991 datus
695 931 850 990 laniorum
873 928 1046 990 Silanorum
1067 946 1175 986 nomen
1197 927 1385 1004 propagavit.
1424 927 1543 986 Deinde
1564 928 1705 986 extinctis

374 1036 495 1096 Manliis
520 1033 685 1110 Torquatis
713 1039 810 1090 aetate
839 1029 1024 1090 Caesariana
1049 1028 1159 1104 (neque
1186 1028 1265 1085 enim
1293 1026 1386 1086 ullum
1415 1028 1485 1086 novi
1512 1029 1578 1087 eius
1607 1029 1704 1104 gentis

373 1139 570 1216 posteriorem
591 1134 628 1192 Τ.
652 1133 809 1208 Torquato
830 1131 866 1190 T.
889 1131 910 1189 i.
937 1137 967 1188 et
986 1129 1023 1187 L.
1046 1130 1201 1204 Torquato
1222 1126 1259 1186 L.
1281 1127 1302 1185 1.
1325 1135 1462 1204 praetore
1483 1149 1511 1187 a.
1527 1129 1602 1202 705,
1630 1148 1704 1206 quo-

373 1259 440 1297 rnm
467 1245 501 1296 ut
528 1245 711 1295 mortuoram
741 1233 876 1291 meminit
904 1230 1011 1290 Cicero
1044 1231 1073 1289 in
1102 1229 1195 1288 Bruto
1225 1229 1338 1306 scripto
1367 1248 1394 1287 a.
1417 1229 1478 1289 708
1505 1248 1530 1287 0.
1552 1229 1609 1302 70,
1633 1229 1703 1288 245.

375 1340 430 1410 76,
451 1338 529 1414 265)
560 1333 721 1394 secundum
749 1350 836 1392 usum
865 1333 930 1391 eius
959 1331 1102 1407 temporis
1130 1329 1209 1388 Iunii
1239 1327 1351 1402 Silani,
1385 1331 1560 1388 naturaliter
1588 1329 1703 1388 oriundi

375 1443 412 1498 ab
439 1440 515 1511 illis,
544 1456 602 1496 non
629 1437 725 1494 solum
747 1433 926 1509 imaginibus
949 1433 1045 1508 gentis
1068 1431 1216 1490 extinctae
1239 1449 1366 1508 pompas
1388 1449 1460 1490 suas
1481 1431 1704 1502 decoraverunt,

374 1537 625 1616 quemadmodum
640 1536 766 1595 Tacitus
789 1535 871 1608 (ann.
888 1535 917 1605 3,
933 1533 986 1608 76)
1009 1533 1052 1591 ait
1073 1533 1102 1590 in
1125 1532 1229 1589 funere
1247 1532 1353 1590 ¹Iuniae
1375 1531 1456 1590 filiae
1469 1531 1508 1589 D.
1526 1529 1620 1592 Silani
1636 1549 1703 1589 con-

375 1642 450 1699 sulis
472 1659 499 1699 a.
516 1637 576 1698 692
599 1637 756 1695 defunctae
778 1655 804 1692 a.
828 1635 945 1693 demum
969 1653 998 1695 u.
1014 1653 1040 1692 c.
1057 1632 1117 1691 775
1134 1658 1171 1682 --
1188 1653 1216 1710 p.
1234 1631 1305 1691 Cbr.
1322 1631 1361 1690 22
1383 1631 1563 1691 Manliorum
1585 1650 1704 1710 quoque

374 1741 521 1819 imagines
548 1740 696 1798 antelatae
725 1753 809 1806 esse,
837 1735 890 1794 sed
917 1735 986 1812 ipsa
1007 1735 1127 1792 nomina
1148 1745 1372 1792 revocaverunt.
1414 1734 1509 1792 Plane
1531 1735 1635 1792 eadem
1656 1753 1704 1790 ra-

375 1845 455 1901 tione
477 1841 565 1900 Fabii
587 1839 712 1897 Maximi
740 1847 837 1895 aetate
858 1839 998 1912 Augusta
1022 1835 1164 1894 extinctis
1186 1835 1325 1892 Aemiliis
1347 1833 1465 1893 Paullis
1488 1852 1652 1911 cognomen
1673 1833 1704 1892 id

375 1940 580 2010 adsciverunt,
613 1939 754 2015 quoniam
782 1937 903 1995 saeculo
931 1945 1020 1995 sexto
1046 1955 1085 1993 ex
1112 1937 1276 1994 maioribus
1305 1953 1405 1994 eorum
1433 1953 1510 1994 uuus
1538 1954 1577 1993 ex
1603 1935 1703 1994 Paulli

374 2043 463 2102 domo
489 2042 521 2100 in
542 2040 668 2098 Fabiam
695 2047 827 2096 venerat.
869 2037 916 2094 Ita
935 2038 967 2094 in
990 2035 1100 2096 Silanis
1123 2037 1345 2112 Torquatoram
1368 2054 1476 2094 nomen
1498 2038 1624 2115 emergit
1645 2039 1705 2114 pri·

375 2161 454 2201 mum
478 2143 508 2200 in
530 2141 618 2200 Iunia
632 2140 790 2215 Torquate
811 2139 927 2215 virgine
942 2137 1057 2197 Vestali
1079 2155 1183 2196 sorore
1205 2138 1361 2196 consulum
1385 2156 1411 2196 a.
1430 2138 1467 2195 10
1482 2146 1512 2195 et
1529 2139 1576 2210 15,
1599 2137 1705 2196 deinde

374 2246 405 2302 in
433 2242 555 2302 consule
577 2261 603 2300 a.
624 2261 652 2317 p.
669 2239 741 2299 Chr.
762 2240 813 2310 19,
841 2256 1021 2314 quamquam
1047 2237 1116 2296 huic
1142 2237 1173 2296 id
1201 2256 1365 2314 cognomen
1390 2257 1450 2296 non
1476 2239 1563 2296 datur
1589 2239 1647 2297 nisi
1672 2239 1704 2297 in

374 2344 462 2402 unico
484 2343 570 2400 titulo
592 2340 720 2415 filiae¹);
743 2339 869 2416 deniqne
892 2339 1056 2415 abnepotes
1078 2339 1299 2415 adnepotesque
1315 2340 1442 2416 Augusti
1464 2359 1500 2398 eo
1521 2339 1635 2416 passim
1656 2339 1704 2398 usi

375 2461 443 2502 esse
469 2442 668 2500 inveniuntur.
713 2441 827 2498 Eodem
853 2439 1018 2497 rettulerim
1045 2439 1126 2514 quod
1147 2441 1188 2497 ait
1211 2437 1373 2500 Suetonius
1400 2439 1485 2515 (Gai.
1502 2439 1557 2514 25)
1581 2439 1703 2514 Gaium,

375 2564 443 2603 cum
463 2551 565 2601 vetera
587 2541 769 2600 familiarum
789 2540 921 2616 insignia
943 2540 1130 2598 nobilissimo
1150 2541 1255 2615 cuique
1277 2540 1431 2612 adimeret,
1456 2542 1546 2599 ctiam
1565 2542 1703 2619 Torqua·

374 2655 436 2703 tum
460 2653 565 2719 torque
587 2643 737 2718 privasse;
761 2659 828 2698 nam
844 2640 937 2699 Nonii
957 2643 1155 2717 Asprenatem
1177 2642 1344 2717 dequibus
1366 2643 1501 2718 plerique
1523 2643 1596 2701 haec
1618 2643 1703 2701 intel·
1730 2689 1734 2695 .

376 2747 480 2820 legunt
505 2751 627 2820 propter
656 2743 855 2800 narrationem
882 2742 1015 2799 eiusdem
1036 2743 1168 2800 auctoris
1189 2743 1221 2799 in
1243 2743 1374 2818 Augusti
1397 2742 1459 2801 vita
1481 2762 1505 2800 c.
1522 2744 1577 2816 43,
1604 2745 1703 2804 minas

375 2855 453 2906 recte
479 2863 570 2922 quam
598 2841 694 2904 Silani
719 2843 847 2901 vetustis
875 2841 996 2900 familiis
1024 2842 1255 2901 adnumerantur
1277 2863 1332 2902 nec
1354 2843 1428 2901 satis
1451 2853 1519 2920 apte
1541 2845 1705 2922 iunguntur

375 2948 494 3024 Magnis
515 2941 809 3020 cincinnatisquet).
846 2943 1007 3018 Perperam
1031 2953 1127 3002 autem
1150 2943 1332 3022 Borglresius
1354 2944 1420 3002 loco
1444 2955 1584 3022 corrupto
1604 2947 1704 3005 Taciti

375 3063 444 3106 ann.
465 3048 494 3118 3,
515 3045 553 3105 58
576 3047 742 3121 separanda
764 3043 862 3102 Silani
888 3043 1002 3122 (agitur
1024 3043 1060 3103 de
1082 3045 1203 3103 consule
1226 3045 1324 3120 ald)
1352 3056 1481 3104 motoria
1502 3049 1576 3106 bonu
1598 3053 1704 3126 quippe

375 3149 436 3206 alia
456 3158 576 3222 parente
594 3149 684 3222 qcuitl
704 3147 905 3220 reddmduquc
919 3146 983 3220 filio
1005 3165 1061 3222 pro
1082 3145 1146 3203 alia
1168 3146 1260 3204 scribi
1280 3145 1370 3204 iussit
1384 3147 1508 3206 Manlia.
1542 3147 1620 3207 Num
1636 3169 1704 3226 per·

375 3265 480 3308 versae
502 3247 666 3307 sententiae
688 3247 729 3304 ita
751 3247 868 3304 medela
889 3246 970 3304 nulla
991 3245 1128 3316 affertur3
1150 3248 1189 3309 sd
1203 3247 1352 3322 Torquati
1374 3257 1473 3306 autem
1494 3267 1602 3308 nomen
1619 3251 1703 3311 Man·

374 3351 423 3408 liis
451 3348 593 3408 tributum
623 3347 833 3424 explicandum
864 3365 959 3422 neque
986 3365 1062 3423 opus
1087 3359 1133 3406 est
1159 3347 1312 3406 affinitatis
1341 3350 1608 3423 demonstratione,
1635 3371 1703 3411 cum

375 3452 498 3528 adoptio
520 3469 581 3508 rem
605 3449 755 3520 conficiat,
783 3467 878 3524 neque
902 3449 928 3506 si
951 3465 1028 3525 opus
1050 3457 1146 3522 esset,
1177 3449 1250 3507 haec
1271 3450 1368 3507 relata
1390 3451 1428 3508 ad
1449 3452 1602 3510 consulem
1623 3472 1650 3511 a.
1673 3473 1702 3530 p.

374 3551 447 3611 Ghr.
465 3552 503 3611 10
524 3551 691 3620 sufficeret,
713 3569 779 3607 cum
801 3549 832 3606 id
854 3568 962 3608 nomen
984 3549 1075 3608 latius
1096 3559 1198 3626 pateat
1219 3551 1248 3606 in
1272 3548 1384 3610 Silanis
1406 3569 1496 3626 quam
1518 3563 1551 3611 ut
1576 3555 1613 3612 ab
1639 3555 1703 3613 eius

374 3655 482 3712 aetatis
510 3653 699 3711 matrimonio
730 3651 822 3726 repeti
852 3651 958 3726 possit.
1005 3651 1101 3708 Miror
1128 3661 1225 3710 autem
1252 3649 1486 3727 Nipperdeidtn‚
1518 3656 1567 3729 qui
1598 3655 1703 3715 lunda·

374 3761 474 3812 mento
499 3752 650 3826 opinionis
677 3761 756 3808 recte
781 3751 892 3808 reiecto
914 3762 945 3808 et
965 3751 1148 3810 absurditate
1171 3753 1326 3812 commatis
1349 3755 1459 3830 optime
1480 3766 1639 3832 perspecta
1659 3759 1703 3814 ni·

374 3853 536 3911 hiluminus
564 3869 669 3910 secure
696 3869 833 3928 premens
854 3850 1013 3925 Borghesii
1036 3853 1163 3928 vestigia
1177 3853 1310 3912 Vestalis
1332 3855 1421 3913 matri
1442 3855 1572 3914 Manliae
1594 3875 1702 3916 nomen
1734 3903 1738 3910 .

374 3954 466 4012 luisse
488 3963 641 4010 asseveret
660 3952 790 4027 indeque
811 3951 903 4009 liliam
926 3951 1110 4028 Torquatum
1133 3955 1314 4030 appellatam
1337 3973 1403 4015 esse
1425 3959 1594 4016 contendat.

459 4051 642 4112 Coniunctus
662 4052 754 4111 luisse
771 4050 912 4110 Claudios
934 4055 1077 4128 patricios
1100 4073 1166 4112 cuni
1182 4055 1279 4113 luniis
1294 4053 1407 4115 Silanis
1429 4061 1544 4116 tantuin
1567 4061 1651 4118 abest
1672 4071 1703 4118 ut

375 4171 490 4230 negem,
513 4163 545 4212 ut
567 4153 693 4211 duorum
716 4151 965 4212 consobrinorum
982 4153 1015 4214 G.
1032 4155 1122 4230 Appii
1138 4152 1235 4214 Silani
1256 4175 1318 4216 cos.
1341 4177 1368 4216 a.
1386 4157 1424 4218 28
1447 4169 1477 4218 01
1490 4159 1596 4218 Iuniae
1611 4159 1702 4219 Clau·

373 4255 464 4314 dillae
491 4256 612 4313 nomina
638 4253 806 4313 Claudiana
834 4253 945 4314 ducent
970 4257 1009 4314 ed
1035 4257 1236 4315 coniecturam
1263 4275 1447 4318 communem
1476 4279 1579 4320 eorum
1604 4263 1701 4322 aviam

452 4515 474 4578 ¹)
502 4517 562 4567 Non
581 4531 797 4580 supervacaneum
818 4518 866 4566 erit
885 4532 990 4566 monere
1010 4525 1098 4568 cautos
1117 4518 1256 4568 admodum
1275 4536 1323 4570 nos
1343 4535 1397 4570 esse
1417 4522 1510 4572 debere
1529 4524 1556 4572 iu
1576 4524 1701 4574 eiusmodi

374 4605 567 4672 cognominibus
587 4607 747 4657 hereditariis
767 4607 799 4656 ab
819 4610 859 4669 iis,
880 4609 972 4673 quibus
991 4609 1031 4657 ius
1050 4610 1077 4657 in
1096 4623 1127 4658 ea
1140 4611 1181 4670 sit,
1202 4611 1380 4661 abiudicandis
1394 4621 1499 4677 propter
1511 4616 1702 4679 usurpationem

373 4699 462 4750 sonim
481 4700 610 4749 omissam.
630 4699 670 4748 Ita
689 4699 794 4749 'Tacitus
814 4701 840 4749 ln
859 4699 995 4749 annalibus
1014 4714 1037 4749 a.
1054 4701 1096 4750 st.
1112 4701 1145 4750 05
1166 4701 1200 4752 D.
1221 4701 1311 4754 Silano
1331 4719 1474 4768 cognomen
1494 4705 1621 4770 Torquati
1640 4705 1702 4756 dare

372 4792 453 4852 solat,
472 4791 553 4840 Lucio
572 4805 679 4856 negare,
699 4790 810 4840 11101100
829 4789 925 4839 scrlbat
946 4791 988 4852 16,
1002 4793 1032 4842 8:
1058 4793 1138 4858 ipsum
1157 4790 1246 4844 debinc
1266 4791 1380 4843 Silarum
1400 4795 1525 4862 increpuit
1542 4795 1629 4846 iisdem
1648 4798 1702 4862 qui-

373 4879 418 4929 bas
438 4887 556 4946 potrum
578 4883 632 4932 eius
653 4879 818 4946 Torquatum
843 4889 870 4930 at
893 4875 1059 4932 nihilominus
1083 4884 1171 4948 paullo
1194 4892 1253 4950 post
1277 4903 1298 4936 c.
1316 4888 1347 4936 12
1373 4887 1478 4936 eosdem
1497 4887 1614 4938 homines
1633 4903 1702 4937 com·

372 4973 490 5034 plectitur
507 4973 680 5036 appellatione
700 4973 808 5022 duorum
828 4973 1028 5038 Torquatorum.

448 5077 473 5141 ¹)
501 5079 533 5142 Q.
547 5083 650 5132 Volusii
673 5083 995 5134 0011101101.809--56
1021 5099 1088 5134 uxor
1107 5085 1240 5150 Torquate
1264 5086 1332 5146 (ride
1357 5101 1423 5152 quae
1442 5089 1564 5138 adnotavi
1585 5089 1617 5138 ud
1636 5081 1703 5139 Bor·

371 5171 488 5244 gbcsiam
506 5185 566 5242 app.
588 5173 613 5234 ³,
629 5173 689 5224 930.
705 5175 768 5236 934)
788 5189 820 5224 ex
840 5189 891 5240 qua
909 5183 985 5239 gente
1004 5175 1088 5238 luerit,
1110 5181 1245 5228 nescimus.
