<?xml version="1.0" encoding="UTF-8"?>
<!DOCTYPE html PUBLIC "-//W3C//DTD XHTML 1.0 Transitional//EN"
    "http://www.w3.org/TR/xhtml1/DTD/xhtml1-transitional.dtd">
<html xmlns="http://www.w3.org/1999/xhtml" xml:lang="en" lang="en">
 <head>
  <title>
</title>
<meta http-equiv="Content-Type" content="text/html;charset=utf-8" />
  <meta name='ocr-system' content='tesseract 3.04.00' />
  <meta name='ocr-capabilities' content='ocr_page ocr_carea ocr_par ocr_line ocrx_word'/>
</head>
<body>
  <div class='ocr_page' id='page_1' title='image "./ephemerisepigra04instgoog_0230.png"; bbox 0 0 3712 5838; ppageno 0'>
   <div class='ocr_carea' id='block_1_1' title="bbox 820 721 977 730">
    <p class='ocr_par' dir='ltr' id='par_1_1' title="bbox 820 721 977 730">
     <span class='ocr_line' id='line_1_1' title="bbox 820 721 977 730; baseline 0.013 -2"><span class='ocrx_word' id='word_1_1' title='bbox 820 721 977 730; x_wconf 63' lang='lat'>--—-——.</span> 
     </span>
    </p>
   </div>
   <div class='ocr_carea' id='block_1_2' title="bbox 582 617 1499 751">
    <p class='ocr_par' dir='ltr' id='par_1_2' title="bbox 582 617 1499 751">
     <span class='ocr_line' id='line_1_2' title="bbox 582 617 1496 692; baseline 0.021 -20"><span class='ocrx_word' id='word_1_2' title='bbox 582 619 880 676; x_wconf 80' lang='lat' dir='ltr'><strong>ossuuvaurouus</strong></span> <span class='ocrx_word' id='word_1_3' title='bbox 900 623 1017 675; x_wconf 79' lang='lat' dir='ltr'><strong>error.</strong></span> <span class='ocrx_word' id='word_1_4' title='bbox 1036 625 1086 675; x_wconf 80' lang='grc' dir='ltr'>ιιι.</span> <span class='ocrx_word' id='word_1_5' title='bbox 1423 617 1496 692; x_wconf 75' lang='lat'><strong>225</strong></span> 
     </span>
     <span class='ocr_line' id='line_1_3' title="bbox 790 722 1499 751; baseline 0.021 -14"><span class='ocrx_word' id='word_1_6' title='bbox 790 722 817 728; x_wconf 86' lang='lat'><strong>..</strong></span> <span class='ocrx_word' id='word_1_7' title='bbox 980 724 1499 751; x_wconf 53' lang='grc' dir='ltr'><strong>Ἣ-</strong></span> 
     </span>
    </p>
   </div>
   <div class='ocr_carea' id='block_1_3' title="bbox 166 789 1507 4695">
    <p class='ocr_par' dir='ltr' id='par_1_3' title="bbox 166 789 1500 2082">
     <span class='ocr_line' id='line_1_4' title="bbox 166 789 1500 878; baseline 0.004 -27"><span class='ocrx_word' id='word_1_8' title='bbox 166 791 296 852; x_wconf 88' lang='lat' dir='ltr'><strong>diversis</strong></span> <span class='ocrx_word' id='word_1_9' title='bbox 320 789 507 848; x_wconf 89' lang='lat' dir='ltr'><strong>diversarum</strong></span> <span class='ocrx_word' id='word_1_10' title='bbox 530 789 648 848; x_wconf 89' lang='lat' dir='ltr'><strong>urbium</strong></span> <span class='ocrx_word' id='word_1_11' title='bbox 670 797 700 847; x_wconf 87' lang='lat' dir='ltr'><strong>et</strong></span> <span class='ocrx_word' id='word_1_12' title='bbox 721 791 801 866; x_wconf 90' lang='lat' dir='ltr'><strong>apud</strong></span> <span class='ocrx_word' id='word_1_13' title='bbox 815 789 976 868; x_wconf 86' lang='lat' dir='ltr'>Polybium</span> <span class='ocrx_word' id='word_1_14' title='bbox 997 793 1155 854; x_wconf 87' lang='lat' dir='ltr'><strong>mirificum</strong></span> <span class='ocrx_word' id='word_1_15' title='bbox 1177 805 1225 857; x_wconf 90' lang='lat' dir='ltr'><strong>est</strong></span> <span class='ocrx_word' id='word_1_16' title='bbox 1246 810 1277 859; x_wconf 89' lang='lat' dir='ltr'><strong>et</strong></span> <span class='ocrx_word' id='word_1_17' title='bbox 1296 821 1392 878; x_wconf 88' lang='lat' dir='ltr'><strong>paene</strong></span> <span class='ocrx_word' id='word_1_18' title='bbox 1414 810 1500 870; x_wconf 83' lang='lat' dir='ltr'><strong>dixe.</strong></span> 
     </span>
     <span class='ocr_line' id='line_1_5' title="bbox 167 889 1498 981; baseline 0.008 -30"><span class='ocrx_word' id='word_1_19' title='bbox 167 893 222 952; x_wconf 89' lang='lat' dir='ltr'><strong>rim</strong></span> <span class='ocrx_word' id='word_1_20' title='bbox 248 889 440 962; x_wconf 82' lang='lat' dir='ltr'><strong>incredibile,</strong></span> <span class='ocrx_word' id='word_1_21' title='bbox 469 908 536 950; x_wconf 87' lang='lat' dir='ltr'><strong>curn</strong></span> <span class='ocrx_word' id='word_1_22' title='bbox 558 892 586 948; x_wconf 89' lang='lat' dir='ltr'><strong>is</strong></span> <span class='ocrx_word' id='word_1_23' title='bbox 608 907 774 949; x_wconf 78' lang='lat' dir='ltr'>consensus</span> <span class='ocrx_word' id='word_1_24' title='bbox 795 899 876 950; x_wconf 87' lang='lat' dir='ltr'><strong>recte</strong></span> <span class='ocrx_word' id='word_1_25' title='bbox 898 911 931 951; x_wconf 88' lang='lat' dir='ltr'><strong>se</strong></span> <span class='ocrx_word' id='word_1_26' title='bbox 953 894 1061 954; x_wconf 89' lang='lat' dir='ltr'><strong>habeat</strong></span> <span class='ocrx_word' id='word_1_27' title='bbox 1080 896 1112 953; x_wconf 92' lang='lat' dir='ltr'><strong>in</strong></span> <span class='ocrx_word' id='word_1_28' title='bbox 1133 896 1258 960; x_wconf 89' lang='lat' dir='ltr'><strong>honoris</strong></span> <span class='ocrx_word' id='word_1_29' title='bbox 1281 903 1498 981; x_wconf 65' lang='lat' dir='ltr'><strong>significatione</strong></span> 
     </span>
     <span class='ocr_line' id='line_1_6' title="bbox 166 990 1498 1084; baseline 0.007 -31"><span class='ocrx_word' id='word_1_30' title='bbox 166 995 301 1071; x_wconf 82' lang='lat' dir='ltr'><strong>legitima</strong></span> <span class='ocrx_word' id='word_1_31' title='bbox 322 993 523 1068; x_wconf 89' lang='lat' dir='ltr'><strong>diuturnoque</strong></span> <span class='ocrx_word' id='word_1_32' title='bbox 546 1009 601 1049; x_wconf 89' lang='lat' dir='ltr'><strong>usu</strong></span> <span class='ocrx_word' id='word_1_33' title='bbox 623 999 752 1066; x_wconf 89' lang='lat' dir='ltr'><strong>recepta.</strong></span> <span class='ocrx_word' id='word_1_34' title='bbox 788 990 907 1052; x_wconf 78' lang='lat' dir='ltr'><strong>Deinde</strong></span> <span class='ocrx_word' id='word_1_35' title='bbox 927 1011 1005 1070; x_wconf 88' lang='lat' dir='ltr'><strong>quae</strong></span> <span class='ocrx_word' id='word_1_36' title='bbox 1026 997 1181 1056; x_wconf 76' lang='lat' dir='ltr'><strong>attulimus</strong></span> <span class='ocrx_word' id='word_1_37' title='bbox 1202 1008 1368 1084; x_wconf 68' lang='grc' dir='ltr'><strong><em>στρατηγοῦ</em></strong></span> <span class='ocrx_word' id='word_1_38' title='bbox 1389 1003 1498 1070; x_wconf 67' lang='grc' dir='ltr'><strong><em>ὑπάτου</em></strong></span> 
     </span>
     <span class='ocr_line' id='line_1_7' title="bbox 167 1091 1498 1172; baseline 0.014 -19"><span class='ocrx_word' id='word_1_39' title='bbox 167 1094 301 1171; x_wconf 88' lang='lat' dir='ltr'><strong>lapidum</strong></span> <span class='ocrx_word' id='word_1_40' title='bbox 328 1093 502 1152; x_wconf 87' lang='lat' dir='ltr'><strong>testimonia</strong></span> <span class='ocrx_word' id='word_1_41' title='bbox 529 1101 644 1151; x_wconf 90' lang='lat' dir='ltr'><strong>tantum</strong></span> <span class='ocrx_word' id='word_1_42' title='bbox 666 1091 765 1165; x_wconf 88' lang='lat' dir='ltr'><strong>abest,</strong></span> <span class='ocrx_word' id='word_1_43' title='bbox 792 1102 826 1151; x_wconf 89' lang='lat' dir='ltr'><strong>ut</strong></span> <span class='ocrx_word' id='word_1_44' title='bbox 846 1093 1059 1170; x_wconf 84' lang='lat' dir='ltr'><strong>appellativam</strong></span> <span class='ocrx_word' id='word_1_45' title='bbox 1080 1101 1188 1158; x_wconf 90' lang='lat' dir='ltr'><strong>summi</strong></span> <span class='ocrx_word' id='word_1_46' title='bbox 1210 1101 1296 1163; x_wconf 87' lang='lat' dir='ltr'><strong>ducis</strong></span> <span class='ocrx_word' id='word_1_47' title='bbox 1317 1109 1498 1172; x_wconf 75' lang='lat' dir='ltr'><strong>mentionem</strong></span> 
     </span>
     <span class='ocr_line' id='line_1_8' title="bbox 167 1192 1497 1286; baseline 0.014 -32"><span class='ocrx_word' id='word_1_48' title='bbox 167 1195 341 1264; x_wconf 82' lang='lat' dir='ltr'><strong>admittant,</strong></span> <span class='ocrx_word' id='word_1_49' title='bbox 374 1202 406 1252; x_wconf 90' lang='lat' dir='ltr'><strong>ut</strong></span> <span class='ocrx_word' id='word_1_50' title='bbox 434 1193 588 1269; x_wconf 86' lang='lat' dir='ltr'><strong>propriam</strong></span> <span class='ocrx_word' id='word_1_51' title='bbox 615 1192 809 1268; x_wconf 79' lang='lat' dir='ltr'><strong>magistratus</strong></span> <span class='ocrx_word' id='word_1_52' title='bbox 838 1192 1110 1256; x_wconf 82' lang='lat' dir='ltr'><strong>denominationem</strong></span> <span class='ocrx_word' id='word_1_53' title='bbox 1138 1205 1307 1262; x_wconf 87' lang='lat' dir='ltr'><strong>necessario</strong></span> <span class='ocrx_word' id='word_1_54' title='bbox 1334 1211 1497 1286; x_wconf 87' lang='lat' dir='ltr'><strong>requirant.</strong></span> 
     </span>
     <span class='ocr_line' id='line_1_9' title="bbox 167 1293 1498 1384; baseline 0.007 -30"><span class='ocrx_word' id='word_1_55' title='bbox 167 1294 274 1370; x_wconf 90' lang='lat' dir='ltr'><strong>Neque</strong></span> <span class='ocrx_word' id='word_1_56' title='bbox 295 1293 375 1353; x_wconf 90' lang='lat' dir='ltr'><strong>enim</strong></span> <span class='ocrx_word' id='word_1_57' title='bbox 392 1293 490 1365; x_wconf 86' lang='lat' dir='ltr'><strong>video,</strong></span> <span class='ocrx_word' id='word_1_58' title='bbox 513 1313 573 1370; x_wconf 92' lang='lat' dir='ltr'><strong>quo</strong></span> <span class='ocrx_word' id='word_1_59' title='bbox 594 1294 660 1358; x_wconf 81' lang='lat' dir='ltr'><strong>iure</strong></span> <span class='ocrx_word' id='word_1_60' title='bbox 681 1294 816 1369; x_wconf 87' lang='lat' dir='ltr'><strong>posuerit</strong></span> <span class='ocrx_word' id='word_1_61' title='bbox 832 1294 1082 1372; x_wconf 79' lang='lat' dir='ltr'><strong>Waddingtouius</strong></span> <span class='ocrx_word' id='word_1_62' title='bbox 1097 1297 1267 1362; x_wconf 88' lang='lat' dir='ltr'><strong>Romanum</strong></span> <span class='ocrx_word' id='word_1_63' title='bbox 1288 1309 1498 1384; x_wconf 72' lang='lat' dir='ltr'><strong>magistrarum</strong></span> 
     </span>
     <span class='ocr_line' id='line_1_10' title="bbox 167 1394 1499 1482; baseline 0.012 -28"><span class='ocrx_word' id='word_1_64' title='bbox 167 1397 197 1454; x_wconf 91' lang='lat' dir='ltr'><strong>in</strong></span> <span class='ocrx_word' id='word_1_65' title='bbox 225 1405 347 1454; x_wconf 88' lang='lat' dir='ltr'><strong>senatus</strong></span> <span class='ocrx_word' id='word_1_66' title='bbox 373 1394 519 1454; x_wconf 88' lang='lat' dir='ltr'><strong>consultis</strong></span> <span class='ocrx_word' id='word_1_67' title='bbox 542 1394 662 1471; x_wconf 91' lang='lat' dir='ltr'><strong>quidem</strong></span> <span class='ocrx_word' id='word_1_68' title='bbox 683 1395 817 1473; x_wconf 85' lang='lat' dir='ltr'><strong>legitima</strong></span> <span class='ocrx_word' id='word_1_69' title='bbox 838 1395 1039 1472; x_wconf 84' lang='lat' dir='ltr'><strong>appellatione</strong></span> <span class='ocrx_word' id='word_1_70' title='bbox 1061 1397 1211 1476; x_wconf 82' lang='lat' dir='ltr'><strong>designari</strong></span> <span class='ocrx_word' id='word_1_71' title='bbox 1233 1403 1386 1482; x_wconf 86' lang='lat' dir='ltr'><strong>debuisse,</strong></span> <span class='ocrx_word' id='word_1_72' title='bbox 1414 1421 1445 1473; x_wconf 90' lang='lat' dir='ltr'><strong>ut</strong></span> <span class='ocrx_word' id='word_1_73' title='bbox 1466 1415 1499 1474; x_wconf 86' lang='lat' dir='ltr'><strong>in</strong></span> 
     </span>
     <span class='ocr_line' id='line_1_11' title="bbox 168 1495 1499 1590; baseline 0.014 -36"><span class='ocrx_word' id='word_1_74' title='bbox 168 1496 264 1556; x_wconf 89' lang='lat' dir='ltr'><strong>titulis</strong></span> <span class='ocrx_word' id='word_1_75' title='bbox 286 1496 314 1554; x_wconf 90' lang='lat' dir='ltr'><strong>ci</strong></span> <span class='ocrx_word' id='word_1_76' title='bbox 337 1495 481 1556; x_wconf 88' lang='lat' dir='ltr'><strong>dedicatis</strong></span> <span class='ocrx_word' id='word_1_77' title='bbox 502 1496 637 1573; x_wconf 86' lang='lat' dir='ltr'><strong>ipsisque</strong></span> <span class='ocrx_word' id='word_1_78' title='bbox 660 1496 797 1573; x_wconf 87' lang='lat' dir='ltr'><strong>epistulis</strong></span> <span class='ocrx_word' id='word_1_79' title='bbox 820 1496 858 1554; x_wconf 88' lang='lat' dir='ltr'><strong>ab</strong></span> <span class='ocrx_word' id='word_1_80' title='bbox 881 1513 916 1554; x_wconf 92' lang='lat' dir='ltr'><strong>eo</strong></span> <span class='ocrx_word' id='word_1_81' title='bbox 938 1496 1017 1556; x_wconf 86' lang='lat' dir='ltr'><strong>detis</strong></span> <span class='ocrx_word' id='word_1_82' title='bbox 1040 1499 1178 1560; x_wconf 85' lang='lat' dir='ltr'><strong>sufficere</strong></span> <span class='ocrx_word' id='word_1_83' title='bbox 1198 1507 1327 1578; x_wconf 82' lang='lat' dir='ltr'><strong>quodvis</strong></span> <span class='ocrx_word' id='word_1_84' title='bbox 1350 1530 1409 1570; x_wconf 89' lang='lat' dir='ltr'><strong>non</strong></span> <span class='ocrx_word' id='word_1_85' title='bbox 1431 1533 1499 1590; x_wconf 90' lang='lat' dir='ltr'><strong>pro·</strong></span> 
     </span>
     <span class='ocr_line' id='line_1_12' title="bbox 167 1596 1500 1674; baseline 0.01 -18"><span class='ocrx_word' id='word_1_86' title='bbox 167 1597 264 1674; x_wconf 89' lang='lat' dir='ltr'><strong>prium</strong></span> <span class='ocrx_word' id='word_1_87' title='bbox 285 1598 464 1656; x_wconf 88' lang='lat' dir='ltr'><strong>vocabulum</strong></span> <span class='ocrx_word' id='word_1_88' title='bbox 485 1599 528 1656; x_wconf 91' lang='lat' dir='ltr'><strong>rei</strong></span> <span class='ocrx_word' id='word_1_89' title='bbox 551 1607 662 1672; x_wconf 87' lang='lat' dir='ltr'><strong>aptum.</strong></span> <span class='ocrx_word' id='word_1_90' title='bbox 701 1597 796 1656; x_wconf 91' lang='lat' dir='ltr'><strong>Immo</strong></span> <span class='ocrx_word' id='word_1_91' title='bbox 818 1615 916 1674; x_wconf 91' lang='lat' dir='ltr'><strong>neque</strong></span> <span class='ocrx_word' id='word_1_92' title='bbox 933 1596 1118 1659; x_wconf 83' lang='lat' dir='ltr'><strong>Graecorum</strong></span> <span class='ocrx_word' id='word_1_93' title='bbox 1140 1621 1212 1662; x_wconf 89' lang='lat' dir='ltr'><strong>usus</strong></span> <span class='ocrx_word' id='word_1_94' title='bbox 1235 1615 1266 1664; x_wconf 90' lang='lat' dir='ltr'><strong>et</strong></span> <span class='ocrx_word' id='word_1_95' title='bbox 1286 1609 1379 1667; x_wconf 90' lang='lat' dir='ltr'><strong>multo</strong></span> <span class='ocrx_word' id='word_1_96' title='bbox 1401 1615 1500 1674; x_wconf 86' lang='lat' dir='ltr'><strong>minus</strong></span> 
     </span>
     <span class='ocr_line' id='line_1_13' title="bbox 167 1697 1499 1789; baseline 0.014 -33"><span class='ocrx_word' id='word_1_97' title='bbox 167 1697 343 1758; x_wconf 86' lang='lat' dir='ltr'><strong>Latinorum</strong></span> <span class='ocrx_word' id='word_1_98' title='bbox 364 1699 503 1772; x_wconf 82' lang='lat' dir='ltr'><strong>admittit,</strong></span> <span class='ocrx_word' id='word_1_99' title='bbox 527 1707 560 1757; x_wconf 92' lang='lat' dir='ltr'><strong>ut</strong></span> <span class='ocrx_word' id='word_1_100' title='bbox 580 1715 680 1774; x_wconf 83' lang='lat' dir='ltr'><strong>regern</strong></span> <span class='ocrx_word' id='word_1_101' title='bbox 702 1699 752 1756; x_wconf 88' lang='lat' dir='ltr'><strong>vel</strong></span> <span class='ocrx_word' id='word_1_102' title='bbox 771 1698 924 1758; x_wconf 89' lang='lat' dir='ltr'><strong>consulem</strong></span> <span class='ocrx_word' id='word_1_103' title='bbox 948 1700 994 1758; x_wconf 83' lang='lat' dir='ltr'><strong>vel</strong></span> <span class='ocrx_word' id='word_1_104' title='bbox 1016 1703 1180 1777; x_wconf 87' lang='lat' dir='ltr'><strong>quemlibet</strong></span> <span class='ocrx_word' id='word_1_105' title='bbox 1199 1705 1326 1784; x_wconf 86' lang='lat' dir='ltr'><strong>denique</strong></span> <span class='ocrx_word' id='word_1_106' title='bbox 1341 1715 1499 1789; x_wconf 88' lang='lat' dir='ltr'><strong>magistra-</strong></span> 
     </span>
     <span class='ocr_line' id='line_1_14' title="bbox 169 1800 1499 1881; baseline 0.013 -24"><span class='ocrx_word' id='word_1_107' title='bbox 169 1808 231 1858; x_wconf 90' lang='lat' dir='ltr'><strong>tum</strong></span> <span class='ocrx_word' id='word_1_108' title='bbox 251 1800 389 1859; x_wconf 87' lang='lat' dir='ltr'><strong>enunties</strong></span> <span class='ocrx_word' id='word_1_109' title='bbox 412 1800 534 1877; x_wconf 90' lang='lat' dir='ltr'><strong>proprio</strong></span> <span class='ocrx_word' id='word_1_110' title='bbox 557 1800 680 1858; x_wconf 88' lang='lat' dir='ltr'><strong>honoris</strong></span> <span class='ocrx_word' id='word_1_111' title='bbox 703 1801 822 1858; x_wconf 89' lang='lat' dir='ltr'><strong>nomine</strong></span> <span class='ocrx_word' id='word_1_112' title='bbox 844 1817 1009 1876; x_wconf 89' lang='lat' dir='ltr'><strong>suppresso</strong></span> <span class='ocrx_word' id='word_1_113' title='bbox 1032 1802 1254 1881; x_wconf 87' lang='lat' dir='ltr'><strong>substitutoque</strong></span> <span class='ocrx_word' id='word_1_114' title='bbox 1274 1809 1306 1868; x_wconf 90' lang='lat' dir='ltr'><strong>in</strong></span> <span class='ocrx_word' id='word_1_115' title='bbox 1321 1811 1386 1870; x_wconf 90' lang='lat' dir='ltr'><strong>eius</strong></span> <span class='ocrx_word' id='word_1_116' title='bbox 1401 1815 1499 1874; x_wconf 88' lang='lat' dir='ltr'><strong>locum</strong></span> 
     </span>
     <span class='ocr_line' id='line_1_15' title="bbox 168 1899 1499 1986; baseline 0.013 -28"><span class='ocrx_word' id='word_1_117' title='bbox 168 1900 315 1960; x_wconf 83' lang='lat' dir='ltr'><strong>vocabulo</strong></span> <span class='ocrx_word' id='word_1_118' title='bbox 341 1901 401 1960; x_wconf 91' lang='lat' dir='ltr'><strong>alio</strong></span> <span class='ocrx_word' id='word_1_119' title='bbox 423 1901 461 1959; x_wconf 89' lang='lat' dir='ltr'><strong>ad</strong></span> <span class='ocrx_word' id='word_1_120' title='bbox 483 1901 639 1960; x_wconf 85' lang='lat' dir='ltr'><strong>arbitrium</strong></span> <span class='ocrx_word' id='word_1_121' title='bbox 661 1901 766 1959; x_wconf 88' lang='lat' dir='ltr'><strong>electo.</strong></span> <span class='ocrx_word' id='word_1_122' title='bbox 809 1899 908 1975; x_wconf 83' lang='lat' dir='ltr'><strong>Quam</strong></span> <span class='ocrx_word' id='word_1_123' title='bbox 929 1903 968 1961; x_wconf 89' lang='lat' dir='ltr'><strong>ob</strong></span> <span class='ocrx_word' id='word_1_124' title='bbox 990 1921 1052 1960; x_wconf 88' lang='lat' dir='ltr'><strong>rern</strong></span> <span class='ocrx_word' id='word_1_125' title='bbox 1075 1923 1141 1962; x_wconf 90' lang='lat' dir='ltr'><strong>oum</strong></span> <span class='ocrx_word' id='word_1_126' title='bbox 1163 1905 1237 1966; x_wconf 87' lang='lat' dir='ltr'><strong>haec</strong></span> <span class='ocrx_word' id='word_1_127' title='bbox 1258 1910 1420 1986; x_wconf 81' lang='lat' dir='ltr'><strong>explicatio</strong></span> <span class='ocrx_word' id='word_1_128' title='bbox 1442 1920 1499 1976; x_wconf 87' lang='lat' dir='ltr'><strong>rei-</strong></span> 
     </span>
     <span class='ocr_line' id='line_1_16' title="bbox 169 2001 1377 2082; baseline 0.01 -24"><span class='ocrx_word' id='word_1_129' title='bbox 169 2001 274 2060; x_wconf 90' lang='lat' dir='ltr'><strong>cienda</strong></span> <span class='ocrx_word' id='word_1_130' title='bbox 295 2003 345 2075; x_wconf 90' lang='lat' dir='ltr'><strong>sit,</strong></span> <span class='ocrx_word' id='word_1_131' title='bbox 367 2003 551 2061; x_wconf 91' lang='lat' dir='ltr'><strong>redeundum</strong></span> <span class='ocrx_word' id='word_1_132' title='bbox 573 2011 620 2061; x_wconf 90' lang='lat' dir='ltr'><strong>est</strong></span> <span class='ocrx_word' id='word_1_133' title='bbox 641 2002 762 2060; x_wconf 89' lang='lat' dir='ltr'><strong>omniuo</strong></span> <span class='ocrx_word' id='word_1_134' title='bbox 784 2001 820 2060; x_wconf 91' lang='lat' dir='ltr'><strong>ad</strong></span> <span class='ocrx_word' id='word_1_135' title='bbox 843 2019 936 2078; x_wconf 87' lang='lat' dir='ltr'><strong>supra</strong></span> <span class='ocrx_word' id='word_1_136' title='bbox 957 2005 1141 2082; x_wconf 87' lang='lat' dir='ltr'><strong>propositam</strong></span> <span class='ocrx_word' id='word_1_137' title='bbox 1163 2016 1194 2066; x_wconf 91' lang='lat' dir='ltr'><strong>et</strong></span> <span class='ocrx_word' id='word_1_138' title='bbox 1214 2008 1377 2072; x_wconf 88' lang='lat' dir='ltr'><strong>defensam.</strong></span> 
     </span>
    </p>

    <p class='ocr_par' dir='ltr' id='par_1_4' title="bbox 169 2100 1505 3977">
     <span class='ocr_line' id='line_1_17' title="bbox 253 2100 1498 2192; baseline 0.01 -30"><span class='ocrx_word' id='word_1_139' title='bbox 253 2100 314 2162; x_wconf 85' lang='lat' dir='ltr'><strong>Sed</strong></span> <span class='ocrx_word' id='word_1_140' title='bbox 334 2113 450 2162; x_wconf 88' lang='lat' dir='ltr'><strong>restant</strong></span> <span class='ocrx_word' id='word_1_141' title='bbox 470 2105 672 2163; x_wconf 88' lang='lat' dir='ltr'><strong>dubitationes</strong></span> <span class='ocrx_word' id='word_1_142' title='bbox 693 2101 844 2178; x_wconf 87' lang='lat' dir='ltr'><strong>quaedam</strong></span> <span class='ocrx_word' id='word_1_143' title='bbox 856 2102 1092 2180; x_wconf 86' lang='lat' dir='ltr'><strong>Waddingtouii,</strong></span> <span class='ocrx_word' id='word_1_144' title='bbox 1113 2109 1224 2181; x_wconf 89' lang='lat' dir='ltr'><strong>quibus</strong></span> <span class='ocrx_word' id='word_1_145' title='bbox 1242 2110 1301 2168; x_wconf 87' lang='lat' dir='ltr'><strong>iam</strong></span> <span class='ocrx_word' id='word_1_146' title='bbox 1316 2116 1498 2192; x_wconf 89' lang='lat' dir='ltr'><strong>responden-</strong></span> 
     </span>
     <span class='ocr_line' id='line_1_18' title="bbox 170 2202 1500 2284; baseline 0.013 -24"><span class='ocrx_word' id='word_1_147' title='bbox 170 2202 239 2260; x_wconf 90' lang='lat' dir='ltr'><strong>dum</strong></span> <span class='ocrx_word' id='word_1_148' title='bbox 261 2212 320 2273; x_wconf 89' lang='lat' dir='ltr'><strong>est;</strong></span> <span class='ocrx_word' id='word_1_149' title='bbox 343 2203 451 2280; x_wconf 83' lang='lat' dir='ltr'><strong>dignae</strong></span> <span class='ocrx_word' id='word_1_150' title='bbox 471 2205 549 2264; x_wconf 89' lang='lat' dir='ltr'><strong>enim</strong></span> <span class='ocrx_word' id='word_1_151' title='bbox 573 2214 643 2263; x_wconf 91' lang='lat' dir='ltr'><strong>sunt</strong></span> <span class='ocrx_word' id='word_1_152' title='bbox 665 2204 763 2262; x_wconf 89' lang='lat' dir='ltr'><strong>solida</strong></span> <span class='ocrx_word' id='word_1_153' title='bbox 784 2204 848 2261; x_wconf 88' lang='lat' dir='ltr'><strong>eius</strong></span> <span class='ocrx_word' id='word_1_154' title='bbox 863 2205 922 2263; x_wconf 85' lang='lat' dir='ltr'><strong>viri</strong></span> <span class='ocrx_word' id='word_1_155' title='bbox 941 2204 1085 2279; x_wconf 87' lang='lat' dir='ltr'><strong>doctrina,</strong></span> <span class='ocrx_word' id='word_1_156' title='bbox 1108 2226 1127 2265; x_wconf 89' lang='lat' dir='ltr'><strong>a</strong></span> <span class='ocrx_word' id='word_1_157' title='bbox 1140 2226 1199 2284; x_wconf 91' lang='lat' dir='ltr'><strong>quo</strong></span> <span class='ocrx_word' id='word_1_158' title='bbox 1214 2211 1303 2270; x_wconf 91' lang='lat' dir='ltr'><strong>etiam</strong></span> <span class='ocrx_word' id='word_1_159' title='bbox 1319 2215 1368 2272; x_wconf 92' lang='lat' dir='ltr'><strong>ubi</strong></span> <span class='ocrx_word' id='word_1_160' title='bbox 1385 2215 1500 2276; x_wconf 89' lang='lat' dir='ltr'><strong>dissen-</strong></span> 
     </span>
     <span class='ocr_line' id='line_1_19' title="bbox 170 2300 1498 2389; baseline 0.011 -26"><span class='ocrx_word' id='word_1_161' title='bbox 170 2304 237 2376; x_wconf 90' lang='lat' dir='ltr'><strong>tias,</strong></span> <span class='ocrx_word' id='word_1_162' title='bbox 253 2321 370 2382; x_wconf 89' lang='lat' dir='ltr'><strong>semper</strong></span> <span class='ocrx_word' id='word_1_163' title='bbox 381 2306 530 2383; x_wconf 83' lang='lat' dir='ltr'><strong>proficias.</strong></span> <span class='ocrx_word' id='word_1_164' title='bbox 567 2305 704 2364; x_wconf 88' lang='lat' dir='ltr'><strong>Primum</strong></span> <span class='ocrx_word' id='word_1_165' title='bbox 718 2304 799 2381; x_wconf 93' lang='lat' dir='ltr'><strong>quod</strong></span> <span class='ocrx_word' id='word_1_166' title='bbox 813 2304 928 2364; x_wconf 89' lang='lat' dir='ltr'><strong>monuit</strong></span> <span class='ocrx_word' id='word_1_167' title='bbox 942 2309 1106 2389; x_wconf 71' lang='grc' dir='ltr'><strong><em>στρατηγοῦ</em></strong></span> <span class='ocrx_word' id='word_1_168' title='bbox 1119 2300 1228 2366; x_wconf 88' lang='grc' dir='ltr'><strong><em>ὑπάτου</em></strong></span> <span class='ocrx_word' id='word_1_169' title='bbox 1244 2314 1425 2374; x_wconf 81' lang='lat' dir='ltr'><strong>uocabulum</strong></span> <span class='ocrx_word' id='word_1_170' title='bbox 1440 2336 1498 2378; x_wconf 88' lang='lat' dir='ltr'><strong>non</strong></span> 
     </span>
     <span class='ocr_line' id='line_1_20' title="bbox 169 2405 1500 2485; baseline 0.011 -23"><span class='ocrx_word' id='word_1_171' title='bbox 169 2405 295 2464; x_wconf 83' lang='lat' dir='ltr'><strong>inveniri</strong></span> <span class='ocrx_word' id='word_1_172' title='bbox 316 2406 373 2465; x_wconf 90' lang='lat' dir='ltr'><strong>uisi</strong></span> <span class='ocrx_word' id='word_1_173' title='bbox 395 2409 426 2464; x_wconf 93' lang='lat' dir='ltr'><strong>in</strong></span> <span class='ocrx_word' id='word_1_174' title='bbox 447 2406 541 2466; x_wconf 88' lang='lat' dir='ltr'><strong>titulis</strong></span> <span class='ocrx_word' id='word_1_175' title='bbox 564 2406 790 2483; x_wconf 77' lang='lat' dir='ltr'><strong>proconsulum,</strong></span> <span class='ocrx_word' id='word_1_176' title='bbox 812 2425 872 2464; x_wconf 90' lang='lat' dir='ltr'><strong>non</strong></span> <span class='ocrx_word' id='word_1_177' title='bbox 892 2407 1058 2479; x_wconf 88' lang='lat' dir='ltr'><strong>consulum,</strong></span> <span class='ocrx_word' id='word_1_178' title='bbox 1079 2408 1179 2485; x_wconf 88' lang='lat' dir='ltr'><strong>itaque</strong></span> <span class='ocrx_word' id='word_1_179' title='bbox 1195 2413 1275 2472; x_wconf 86' lang='lat' dir='ltr'><strong>vices</strong></span> <span class='ocrx_word' id='word_1_180' title='bbox 1290 2413 1388 2475; x_wconf 88' lang='lat' dir='ltr'><strong>facere</strong></span> <span class='ocrx_word' id='word_1_181' title='bbox 1402 2413 1500 2475; x_wconf 65' lang='grc' dir='ltr'><strong><em>αὐθο-</em></strong></span> 
     </span>
     <span class='ocr_line' id='line_1_21' title="bbox 170 2499 1500 2597; baseline 0.011 -35"><span class='ocrx_word' id='word_1_182' title='bbox 170 2499 261 2563; x_wconf 88' lang='grc' dir='ltr'><strong><em>πάτου</em></strong></span> <span class='ocrx_word' id='word_1_183' title='bbox 283 2507 424 2566; x_wconf 85' lang='lat' dir='ltr'><strong>vocabuli</strong></span> <span class='ocrx_word' id='word_1_184' title='bbox 445 2517 551 2584; x_wconf 88' lang='lat' dir='ltr'><strong>postea</strong></span> <span class='ocrx_word' id='word_1_185' title='bbox 573 2508 692 2567; x_wconf 87' lang='lat' dir='ltr'><strong>demum</strong></span> <span class='ocrx_word' id='word_1_186' title='bbox 714 2507 883 2579; x_wconf 90' lang='lat' dir='ltr'><strong>introducti,</strong></span> <span class='ocrx_word' id='word_1_187' title='bbox 905 2507 937 2566; x_wconf 92' lang='lat' dir='ltr'><strong>id</strong></span> <span class='ocrx_word' id='word_1_188' title='bbox 958 2509 1026 2583; x_wconf 90' lang='lat' dir='ltr'><strong>ipsa</strong></span> <span class='ocrx_word' id='word_1_189' title='bbox 1045 2529 1078 2567; x_wconf 91' lang='lat' dir='ltr'><strong>re</strong></span> <span class='ocrx_word' id='word_1_190' title='bbox 1099 2509 1256 2585; x_wconf 82' lang='lat' dir='ltr'><strong>refellitur,</strong></span> <span class='ocrx_word' id='word_1_191' title='bbox 1278 2516 1304 2573; x_wconf 92' lang='lat' dir='ltr'><strong>si</strong></span> <span class='ocrx_word' id='word_1_192' title='bbox 1326 2525 1407 2576; x_wconf 88' lang='lat' dir='ltr'><strong>recte</strong></span> <span class='ocrx_word' id='word_1_193' title='bbox 1429 2536 1500 2597; x_wconf 88' lang='lat' dir='ltr'><strong>sup·</strong></span> 
     </span>
     <span class='ocr_line' id='line_1_22' title="bbox 170 2607 1500 2693; baseline 0.011 -29"><span class='ocrx_word' id='word_1_194' title='bbox 170 2607 319 2683; x_wconf 83' lang='lat' dir='ltr'><strong>plevimus</strong></span> <span class='ocrx_word' id='word_1_195' title='bbox 335 2617 456 2666; x_wconf 86' lang='lat' dir='ltr'><strong>senatus</strong></span> <span class='ocrx_word' id='word_1_196' title='bbox 472 2609 640 2668; x_wconf 88' lang='lat' dir='ltr'><strong>consultum</strong></span> <span class='ocrx_word' id='word_1_197' title='bbox 654 2609 690 2666; x_wconf 91' lang='lat' dir='ltr'><strong>de</strong></span> <span class='ocrx_word' id='word_1_198' title='bbox 705 2608 921 2667; x_wconf 88' lang='lat' dir='ltr'><strong>Prienensibus</strong></span> <span class='ocrx_word' id='word_1_199' title='bbox 936 2617 966 2667; x_wconf 90' lang='lat' dir='ltr'><strong>et</strong></span> <span class='ocrx_word' id='word_1_200' title='bbox 981 2607 1091 2668; x_wconf 85' lang='lat' dir='ltr'><strong>Samiis</strong></span> <span class='ocrx_word' id='word_1_201' title='bbox 1107 2629 1134 2668; x_wconf 90' lang='lat' dir='ltr'><strong>a.</strong></span> <span class='ocrx_word' id='word_1_202' title='bbox 1147 2610 1207 2670; x_wconf 88' lang='lat'><strong>619</strong></span> <span class='ocrx_word' id='word_1_203' title='bbox 1230 2613 1273 2689; x_wconf 90' lang='lat' dir='ltr'><strong>(p.</strong></span> <span class='ocrx_word' id='word_1_204' title='bbox 1292 2616 1375 2693; x_wconf 82' lang='grc'>156).</span> <span class='ocrx_word' id='word_1_205' title='bbox 1408 2618 1500 2679; x_wconf 91' lang='lat' dir='ltr'><strong>Prae·</strong></span> 
     </span>
     <span class='ocr_line' id='line_1_23' title="bbox 170 2699 1501 2797; baseline 0.009 -30"><span class='ocrx_word' id='word_1_206' title='bbox 170 2719 253 2768; x_wconf 88' lang='lat' dir='ltr'><strong>terea</strong></span> <span class='ocrx_word' id='word_1_207' title='bbox 278 2709 337 2767; x_wconf 88' lang='lat' dir='ltr'><strong>etsi</strong></span> <span class='ocrx_word' id='word_1_208' title='bbox 363 2699 535 2766; x_wconf 74' lang='grc' dir='ltr'><strong><em>ἀνθυπάτου</em></strong></span> <span class='ocrx_word' id='word_1_209' title='bbox 563 2710 741 2768; x_wconf 89' lang='lat' dir='ltr'><strong>vocabulum</strong></span> <span class='ocrx_word' id='word_1_210' title='bbox 768 2711 941 2769; x_wconf 88' lang='lat' dir='ltr'><strong>recentioris</strong></span> <span class='ocrx_word' id='word_1_211' title='bbox 968 2710 1094 2788; x_wconf 82' lang='lat' dir='ltr'><strong>originis</strong></span> <span class='ocrx_word' id='word_1_212' title='bbox 1119 2723 1180 2783; x_wconf 89' lang='lat' dir='ltr'><strong>est,</strong></span> <span class='ocrx_word' id='word_1_213' title='bbox 1207 2714 1286 2774; x_wconf 90' lang='lat' dir='ltr'><strong>sicut</strong></span> <span class='ocrx_word' id='word_1_214' title='bbox 1311 2717 1410 2793; x_wconf 91' lang='lat' dir='ltr'><strong>ipsum</strong></span> <span class='ocrx_word' id='word_1_215' title='bbox 1432 2704 1501 2797; x_wconf 77' lang='lat' dir='ltr'><strong>pro·</strong></span> 
     </span>
     <span class='ocr_line' id='line_1_24' title="bbox 171 2809 1502 2892; baseline 0.009 -24"><span class='ocrx_word' id='word_1_216' title='bbox 171 2809 304 2869; x_wconf 90' lang='lat' dir='ltr'><strong>consulis</strong></span> <span class='ocrx_word' id='word_1_217' title='bbox 334 2827 520 2886; x_wconf 86' lang='lat' dir='ltr'><strong>nequaquam</strong></span> <span class='ocrx_word' id='word_1_218' title='bbox 550 2819 698 2870; x_wconf 85' lang='lat' dir='ltr'><strong>vetustum</strong></span> <span class='ocrx_word' id='word_1_219' title='bbox 725 2821 787 2884; x_wconf 89' lang='lat' dir='ltr'><strong>est,</strong></span> <span class='ocrx_word' id='word_1_220' title='bbox 815 2812 872 2870; x_wconf 91' lang='lat' dir='ltr'><strong>dici</strong></span> <span class='ocrx_word' id='word_1_221' title='bbox 900 2812 998 2891; x_wconf 91' lang='lat' dir='ltr'><strong>potuit</strong></span> <span class='ocrx_word' id='word_1_222' title='bbox 1025 2819 1058 2870; x_wconf 90' lang='lat' dir='ltr'><strong>ut</strong></span> <span class='ocrx_word' id='word_1_223' title='bbox 1081 2831 1138 2888; x_wconf 88' lang='lat' dir='ltr'><strong>pro</strong></span> <span class='ocrx_word' id='word_1_224' title='bbox 1167 2817 1280 2875; x_wconf 81' lang='lat' dir='ltr'><strong>consule</strong></span> <span class='ocrx_word' id='word_1_225' title='bbox 1304 2816 1431 2892; x_wconf 84' lang='lat' dir='ltr'><strong>Latine,</strong></span> <span class='ocrx_word' id='word_1_226' title='bbox 1459 2821 1502 2880; x_wconf 89' lang='lat' dir='ltr'><strong>ita</strong></span> 
     </span>
     <span class='ocr_line' id='line_1_25' title="bbox 172 2900 1501 2993; baseline 0.008 -23"><span class='ocrx_word' id='word_1_227' title='bbox 172 2910 286 2970; x_wconf 85' lang='lat' dir='ltr'><strong>Graece</strong></span> <span class='ocrx_word' id='word_1_228' title='bbox 309 2900 369 2967; x_wconf 71' lang='grc' dir='ltr'><strong><em>άυπὶ</em></strong></span> <span class='ocrx_word' id='word_1_229' title='bbox 392 2913 555 2992; x_wconf 67' lang='grc' dir='ltr'><strong><em>στρατηγοῦ</em></strong></span> <span class='ocrx_word' id='word_1_230' title='bbox 572 2902 680 2969; x_wconf 85' lang='grc' dir='ltr'><strong><em>ὑπάτου</em></strong></span> <span class='ocrx_word' id='word_1_231' title='bbox 702 2912 750 2972; x_wconf 89' lang='lat' dir='ltr'><strong>vel</strong></span> <span class='ocrx_word' id='word_1_232' title='bbox 771 2907 841 2970; x_wconf 68' lang='grc' dir='ltr'><em>(ἔνθ’</em></span> <span class='ocrx_word' id='word_1_233' title='bbox 855 2905 976 2970; x_wconf 87' lang='grc' dir='ltr'><strong><em>ὑπάτου.</em></strong></span> <span class='ocrx_word' id='word_1_234' title='bbox 1015 2910 1104 2986; x_wconf 87' lang='lat' dir='ltr'><strong>Quod</strong></span> <span class='ocrx_word' id='word_1_235' title='bbox 1126 2917 1178 2990; x_wconf 92' lang='lat' dir='ltr'><strong>qui</strong></span> <span class='ocrx_word' id='word_1_236' title='bbox 1198 2917 1408 2993; x_wconf 86' lang='lat' dir='ltr'><strong>improbabant</strong></span> <span class='ocrx_word' id='word_1_237' title='bbox 1428 2929 1501 2980; x_wconf 87' lang='lat' dir='ltr'><strong>tam-</strong></span> 
     </span>
     <span class='ocr_line' id='line_1_26' title="bbox 171 3011 1501 3088; baseline 0.008 -18"><span class='ocrx_word' id='word_1_238' title='bbox 171 3031 260 3088; x_wconf 89' lang='lat' dir='ltr'><strong>quam</strong></span> <span class='ocrx_word' id='word_1_239' title='bbox 288 3012 424 3070; x_wconf 89' lang='lat' dir='ltr'><strong>insolens</strong></span> <span class='ocrx_word' id='word_1_240' title='bbox 454 3020 484 3069; x_wconf 93' lang='lat' dir='ltr'><strong>et</strong></span> <span class='ocrx_word' id='word_1_241' title='bbox 510 3032 529 3071; x_wconf 90' lang='lat' dir='ltr'><strong>a</strong></span> <span class='ocrx_word' id='word_1_242' title='bbox 555 3011 672 3072; x_wconf 86' lang='lat' dir='ltr'><strong>Graeco</strong></span> <span class='ocrx_word' id='word_1_243' title='bbox 702 3032 760 3072; x_wconf 92' lang='lat' dir='ltr'><strong>usu</strong></span> <span class='ocrx_word' id='word_1_244' title='bbox 787 3015 966 3086; x_wconf 88' lang='lat' dir='ltr'><strong>abhorrens,</strong></span> <span class='ocrx_word' id='word_1_245' title='bbox 996 3033 1049 3073; x_wconf 90' lang='lat' dir='ltr'><strong>eos</strong></span> <span class='ocrx_word' id='word_1_246' title='bbox 1078 3015 1219 3076; x_wconf 89' lang='lat' dir='ltr'><strong>credibile</strong></span> <span class='ocrx_word' id='word_1_247' title='bbox 1247 3029 1294 3078; x_wconf 88' lang='lat' dir='ltr'><strong>est</strong></span> <span class='ocrx_word' id='word_1_248' title='bbox 1321 3039 1382 3079; x_wconf 90' lang='lat' dir='ltr'><strong>non</strong></span> <span class='ocrx_word' id='word_1_249' title='bbox 1409 3024 1501 3082; x_wconf 90' lang='lat' dir='ltr'><strong>absti-</strong></span> 
     </span>
     <span class='ocr_line' id='line_1_27' title="bbox 171 3112 1502 3194; baseline 0.009 -24"><span class='ocrx_word' id='word_1_250' title='bbox 171 3113 274 3172; x_wconf 90' lang='lat' dir='ltr'><strong>nuisse</strong></span> <span class='ocrx_word' id='word_1_251' title='bbox 295 3119 454 3190; x_wconf 87' lang='lat' dir='ltr'><strong>propterea</strong></span> <span class='ocrx_word' id='word_1_252' title='bbox 474 3112 512 3171; x_wconf 89' lang='lat' dir='ltr'><strong>ab</strong></span> <span class='ocrx_word' id='word_1_253' title='bbox 534 3114 615 3172; x_wconf 90' lang='lat' dir='ltr'><strong>omni</strong></span> <span class='ocrx_word' id='word_1_254' title='bbox 635 3115 759 3191; x_wconf 92' lang='lat' dir='ltr'><strong>proprio</strong></span> <span class='ocrx_word' id='word_1_255' title='bbox 779 3114 938 3188; x_wconf 80' lang='lat' dir='ltr'><strong>vocabulo,</strong></span> <span class='ocrx_word' id='word_1_256' title='bbox 963 3115 1016 3172; x_wconf 91' lang='lat' dir='ltr'><strong>sed</strong></span> <span class='ocrx_word' id='word_1_257' title='bbox 1039 3117 1211 3192; x_wconf 79' lang='lat' dir='ltr'><strong>confugisse</strong></span> <span class='ocrx_word' id='word_1_258' title='bbox 1233 3120 1332 3194; x_wconf 90' lang='lat' dir='ltr'><strong>potius</strong></span> <span class='ocrx_word' id='word_1_259' title='bbox 1355 3121 1392 3179; x_wconf 89' lang='lat' dir='ltr'><strong>ad</strong></span> <span class='ocrx_word' id='word_1_260' title='bbox 1415 3139 1502 3182; x_wconf 91' lang='lat' dir='ltr'><strong>usum</strong></span> 
     </span>
     <span class='ocr_line' id='line_1_28' title="bbox 171 3209 1500 3292; baseline 0.008 -21"><span class='ocrx_word' id='word_1_261' title='bbox 171 3221 251 3272; x_wconf 81' lang='lat' dir='ltr'><strong>certe</strong></span> <span class='ocrx_word' id='word_1_262' title='bbox 273 3211 429 3272; x_wconf 81' lang='lat' dir='ltr'><strong>Ciceronis</strong></span> <span class='ocrx_word' id='word_1_263' title='bbox 456 3221 554 3272; x_wconf 84' lang='lat' dir='ltr'><strong>aetate</strong></span> <span class='ocrx_word' id='word_1_264' title='bbox 579 3213 671 3290; x_wconf 81' lang='lat' dir='ltr'><strong>vulgo</strong></span> <span class='ocrx_word' id='word_1_265' title='bbox 698 3224 849 3291; x_wconf 90' lang='lat' dir='ltr'><strong>receptum</strong></span> <span class='ocrx_word' id='word_1_266' title='bbox 876 3209 1071 3289; x_wconf 80' lang='lat' dir='ltr'><strong>(Marquardt</strong></span> <span class='ocrx_word' id='word_1_267' title='bbox 1092 3216 1122 3272; x_wconf 92' lang='lat' dir='ltr'><strong>in</strong></span> <span class='ocrx_word' id='word_1_268' title='bbox 1144 3218 1309 3277; x_wconf 89' lang='lat' dir='ltr'><strong>enchiridio</strong></span> <span class='ocrx_word' id='word_1_269' title='bbox 1331 3221 1365 3292; x_wconf 87' lang='lat'><strong>3,</strong></span> <span class='ocrx_word' id='word_1_270' title='bbox 1391 3224 1417 3292; x_wconf 94' lang='grc'><strong>1,</strong></span> <span class='ocrx_word' id='word_1_271' title='bbox 1440 3222 1500 3281; x_wconf 77' lang='lat'><strong>277</strong></span> 
     </span>
     <span class='ocr_line' id='line_1_29' title="bbox 172 3314 1503 3395; baseline 0.007 -23"><span class='ocrx_word' id='word_1_272' title='bbox 172 3334 201 3372; x_wconf 91' lang='lat' dir='ltr'><strong>n.</strong></span> <span class='ocrx_word' id='word_1_273' title='bbox 220 3314 324 3388; x_wconf 84' lang='lat'><strong>1909),</strong></span> <span class='ocrx_word' id='word_1_274' title='bbox 346 3314 450 3389; x_wconf 91' lang='lat' dir='ltr'><strong>utqui</strong></span> <span class='ocrx_word' id='word_1_275' title='bbox 472 3330 527 3390; x_wconf 93' lang='lat' dir='ltr'><strong>pro</strong></span> <span class='ocrx_word' id='word_1_276' title='bbox 549 3314 672 3372; x_wconf 90' lang='lat' dir='ltr'><strong>consule</strong></span> <span class='ocrx_word' id='word_1_277' title='bbox 695 3314 743 3372; x_wconf 90' lang='lat' dir='ltr'><strong>vel</strong></span> <span class='ocrx_word' id='word_1_278' title='bbox 763 3333 819 3391; x_wconf 92' lang='lat' dir='ltr'><strong>pro</strong></span> <span class='ocrx_word' id='word_1_279' title='bbox 840 3323 979 3390; x_wconf 90' lang='lat' dir='ltr'><strong>praetore</strong></span> <span class='ocrx_word' id='word_1_280' title='bbox 1001 3322 1090 3385; x_wconf 89' lang='lat' dir='ltr'><strong>esset,</strong></span> <span class='ocrx_word' id='word_1_281' title='bbox 1113 3318 1223 3375; x_wconf 89' lang='lat' dir='ltr'><strong>consul</strong></span> <span class='ocrx_word' id='word_1_282' title='bbox 1243 3327 1401 3395; x_wconf 85' lang='lat' dir='ltr'><strong>praetorve</strong></span> <span class='ocrx_word' id='word_1_283' title='bbox 1423 3321 1503 3381; x_wconf 84' lang='lat' dir='ltr'><strong>dice·</strong></span> 
     </span>
     <span class='ocr_line' id='line_1_30' title="bbox 171 3411 1503 3496; baseline 0.006 -24"><span class='ocrx_word' id='word_1_284' title='bbox 171 3424 262 3472; x_wconf 90' lang='lat' dir='ltr'><strong>retur.</strong></span> <span class='ocrx_word' id='word_1_285' title='bbox 308 3411 388 3487; x_wconf 86' lang='lat' dir='ltr'><strong>Quid</strong></span> <span class='ocrx_word' id='word_1_286' title='bbox 415 3415 496 3491; x_wconf 91' lang='lat' dir='ltr'><strong>quod</strong></span> <span class='ocrx_word' id='word_1_287' title='bbox 523 3433 560 3472; x_wconf 91' lang='lat' dir='ltr'><strong>ne</strong></span> <span class='ocrx_word' id='word_1_288' title='bbox 587 3413 623 3472; x_wconf 91' lang='lat' dir='ltr'><strong>de</strong></span> <span class='ocrx_word' id='word_1_289' title='bbox 650 3421 785 3490; x_wconf 87' lang='lat' dir='ltr'><strong>tempore</strong></span> <span class='ocrx_word' id='word_1_290' title='bbox 811 3413 930 3490; x_wconf 90' lang='lat' dir='ltr'><strong>quidem</strong></span> <span class='ocrx_word' id='word_1_291' title='bbox 958 3415 1032 3473; x_wconf 87' lang='lat' dir='ltr'><strong>satis</strong></span> <span class='ocrx_word' id='word_1_292' title='bbox 1059 3423 1189 3488; x_wconf 90' lang='lat' dir='ltr'><strong>constat,</strong></span> <span class='ocrx_word' id='word_1_293' title='bbox 1216 3436 1276 3494; x_wconf 90' lang='lat' dir='ltr'><strong>quo</strong></span> <span class='ocrx_word' id='word_1_294' title='bbox 1299 3419 1362 3478; x_wconf 89' lang='lat' dir='ltr'><strong>eius</strong></span> <span class='ocrx_word' id='word_1_295' title='bbox 1384 3423 1503 3496; x_wconf 83' lang='lat' dir='ltr'><strong>generis</strong></span> 
     </span>
     <span class='ocr_line' id='line_1_31' title="bbox 173 3513 1504 3597; baseline 0.005 -24"><span class='ocrx_word' id='word_1_296' title='bbox 173 3515 318 3574; x_wconf 87' lang='lat' dir='ltr'><strong>vocabula</strong></span> <span class='ocrx_word' id='word_1_297' title='bbox 349 3516 380 3572; x_wconf 92' lang='lat' dir='ltr'><strong>iu</strong></span> <span class='ocrx_word' id='word_1_298' title='bbox 414 3531 581 3573; x_wconf 92' lang='lat' dir='ltr'><strong>sermonem</strong></span> <span class='ocrx_word' id='word_1_299' title='bbox 607 3513 748 3572; x_wconf 88' lang='lat' dir='ltr'><strong>Latinum</strong></span> <span class='ocrx_word' id='word_1_300' title='bbox 780 3514 822 3572; x_wconf 91' lang='lat' dir='ltr'><strong>ita</strong></span> <span class='ocrx_word' id='word_1_301' title='bbox 853 3514 1070 3588; x_wconf 88' lang='lat' dir='ltr'><strong>reciperentur,</strong></span> <span class='ocrx_word' id='word_1_302' title='bbox 1102 3525 1136 3573; x_wconf 91' lang='lat' dir='ltr'><strong>ut</strong></span> <span class='ocrx_word' id='word_1_303' title='bbox 1163 3519 1215 3591; x_wconf 92' lang='lat' dir='ltr'><strong>qui</strong></span> <span class='ocrx_word' id='word_1_304' title='bbox 1243 3537 1298 3594; x_wconf 91' lang='lat' dir='ltr'><strong>pro</strong></span> <span class='ocrx_word' id='word_1_305' title='bbox 1327 3521 1504 3597; x_wconf 84' lang='lat' dir='ltr'><strong>magistratu</strong></span> 
     </span>
     <span class='ocr_line' id='line_1_32' title="bbox 173 3613 1504 3692; baseline 0.005 -17"><span class='ocrx_word' id='word_1_306' title='bbox 173 3623 263 3688; x_wconf 89' lang='lat' dir='ltr'><strong>esset,</strong></span> <span class='ocrx_word' id='word_1_307' title='bbox 285 3616 311 3672; x_wconf 91' lang='lat' dir='ltr'><strong>is</strong></span> <span class='ocrx_word' id='word_1_308' title='bbox 333 3615 466 3690; x_wconf 82' lang='lat' dir='ltr'><strong>legitime</strong></span> <span class='ocrx_word' id='word_1_309' title='bbox 488 3617 682 3692; x_wconf 82' lang='lat' dir='ltr'><strong>magistratus</strong></span> <span class='ocrx_word' id='word_1_310' title='bbox 704 3614 763 3674; x_wconf 90' lang='lat' dir='ltr'><strong>dici</strong></span> <span class='ocrx_word' id='word_1_311' title='bbox 784 3634 844 3672; x_wconf 93' lang='lat' dir='ltr'><strong>non</strong></span> <span class='ocrx_word' id='word_1_312' title='bbox 857 3621 971 3691; x_wconf 90' lang='lat' dir='ltr'><strong>posset.</strong></span> <span class='ocrx_word' id='word_1_313' title='bbox 1010 3613 1089 3674; x_wconf 86' lang='lat' dir='ltr'><strong>Sane</strong></span> <span class='ocrx_word' id='word_1_314' title='bbox 1112 3616 1167 3675; x_wconf 87' lang='lat' dir='ltr'><strong>etsi</strong></span> <span class='ocrx_word' id='word_1_315' title='bbox 1189 3636 1248 3676; x_wconf 93' lang='lat' dir='ltr'><strong>non</strong></span> <span class='ocrx_word' id='word_1_316' title='bbox 1266 3618 1351 3679; x_wconf 91' lang='lat' dir='ltr'><strong>licuit</strong></span> <span class='ocrx_word' id='word_1_317' title='bbox 1366 3619 1504 3682; x_wconf 83' lang='lat' dir='ltr'><strong>Ciceroni</strong></span> 
     </span>
     <span class='ocr_line' id='line_1_33' title="bbox 173 3714 1504 3797; baseline 0.005 -22"><span class='ocrx_word' id='word_1_318' title='bbox 173 3716 408 3792; x_wconf 88' lang='lat' dir='ltr'><strong>aequalibusque</strong></span> <span class='ocrx_word' id='word_1_319' title='bbox 430 3716 494 3774; x_wconf 90' lang='lat' dir='ltr'><strong>eius</strong></span> <span class='ocrx_word' id='word_1_320' title='bbox 515 3717 546 3774; x_wconf 93' lang='lat' dir='ltr'><strong>in</strong></span> <span class='ocrx_word' id='word_1_321' title='bbox 569 3716 707 3792; x_wconf 88' lang='lat' dir='ltr'><strong>epistulis</strong></span> <span class='ocrx_word' id='word_1_322' title='bbox 728 3714 925 3774; x_wconf 79' lang='lat' dir='ltr'><strong>describendis</strong></span> <span class='ocrx_word' id='word_1_323' title='bbox 949 3715 1102 3775; x_wconf 91' lang='lat' dir='ltr'><strong>consulem</strong></span> <span class='ocrx_word' id='word_1_324' title='bbox 1124 3718 1277 3794; x_wconf 90' lang='lat' dir='ltr'><strong>appellare</strong></span> <span class='ocrx_word' id='word_1_325' title='bbox 1299 3722 1351 3797; x_wconf 92' lang='lat' dir='ltr'><strong>qui</strong></span> <span class='ocrx_word' id='word_1_326' title='bbox 1365 3740 1420 3797; x_wconf 91' lang='lat' dir='ltr'><strong>pro</strong></span> <span class='ocrx_word' id='word_1_327' title='bbox 1435 3741 1504 3782; x_wconf 85' lang='lat' dir='ltr'><strong>con·</strong></span> 
     </span>
     <span class='ocr_line' id='line_1_34' title="bbox 173 3816 1505 3894; baseline 0.004 -18"><span class='ocrx_word' id='word_1_328' title='bbox 173 3817 238 3876; x_wconf 84' lang='lat' dir='ltr'><strong>sule</strong></span> <span class='ocrx_word' id='word_1_329' title='bbox 266 3826 362 3886; x_wconf 87' lang='lat' dir='ltr'><strong>esset,</strong></span> <span class='ocrx_word' id='word_1_330' title='bbox 390 3816 458 3875; x_wconf 87' lang='lat' dir='ltr'><strong>iude</strong></span> <span class='ocrx_word' id='word_1_331' title='bbox 488 3835 546 3875; x_wconf 91' lang='lat' dir='ltr'><strong>non</strong></span> <span class='ocrx_word' id='word_1_332' title='bbox 568 3827 647 3876; x_wconf 91' lang='lat' dir='ltr'><strong>recte</strong></span> <span class='ocrx_word' id='word_1_333' title='bbox 676 3816 801 3894; x_wconf 86' lang='lat' dir='ltr'><strong>colliges</strong></span> <span class='ocrx_word' id='word_1_334' title='bbox 829 3817 907 3875; x_wconf 89' lang='lat' dir='ltr'><strong>idem</strong></span> <span class='ocrx_word' id='word_1_335' title='bbox 937 3834 996 3874; x_wconf 90' lang='lat' dir='ltr'><strong>nou</strong></span> <span class='ocrx_word' id='word_1_336' title='bbox 1024 3817 1147 3876; x_wconf 88' lang='lat' dir='ltr'><strong>licuisse</strong></span> <span class='ocrx_word' id='word_1_337' title='bbox 1177 3817 1323 3879; x_wconf 86' lang='lat' dir='ltr'><strong>Graeciae</strong></span> <span class='ocrx_word' id='word_1_338' title='bbox 1351 3822 1505 3882; x_wconf 89' lang='lat' dir='ltr'><strong>liberatori</strong></span> 
     </span>
     <span class='ocr_line' id='line_1_35' title="bbox 175 3917 416 3977; baseline -0.004 0"><span class='ocrx_word' id='word_1_339' title='bbox 175 3917 212 3977; x_wconf 91' lang='lat' dir='ltr'><strong>T.</strong></span> <span class='ocrx_word' id='word_1_340' title='bbox 234 3917 416 3976; x_wconf 86' lang='lat' dir='ltr'><strong>Flaminino.</strong></span> 
     </span>
    </p>

    <p class='ocr_par' dir='ltr' id='par_1_5' title="bbox 173 4005 1507 4695">
     <span class='ocr_line' id='line_1_36' title="bbox 258 4005 1505 4097; baseline 0.003 -19"><span class='ocrx_word' id='word_1_341' title='bbox 258 4017 389 4078; x_wconf 85' lang='lat' dir='ltr'><strong>Gravius</strong></span> <span class='ocrx_word' id='word_1_342' title='bbox 416 4029 476 4092; x_wconf 89' lang='lat' dir='ltr'><strong>est,</strong></span> <span class='ocrx_word' id='word_1_343' title='bbox 504 4020 584 4096; x_wconf 90' lang='lat' dir='ltr'><strong>quod</strong></span> <span class='ocrx_word' id='word_1_344' title='bbox 605 4029 762 4096; x_wconf 85' lang='lat' dir='ltr'><strong>praeterea</strong></span> <span class='ocrx_word' id='word_1_345' title='bbox 783 4019 925 4096; x_wconf 89' lang='lat' dir='ltr'><strong>opposuit</strong></span> <span class='ocrx_word' id='word_1_346' title='bbox 940 4005 1192 4096; x_wconf 73' lang='lat' dir='ltr'><strong>widlingtonius</strong></span> <span class='ocrx_word' id='word_1_347' title='bbox 1214 4020 1252 4097; x_wconf 93' lang='lat' dir='ltr'><strong>(l.</strong></span> <span class='ocrx_word' id='word_1_348' title='bbox 1268 4041 1292 4080; x_wconf 90' lang='lat' dir='ltr'><strong>c.</strong></span> <span class='ocrx_word' id='word_1_349' title='bbox 1316 4031 1346 4082; x_wconf 91' lang='lat' dir='ltr'><strong>et</strong></span> <span class='ocrx_word' id='word_1_350' title='bbox 1366 4024 1397 4083; x_wconf 93' lang='lat' dir='ltr'><strong>in</strong></span> <span class='ocrx_word' id='word_1_351' title='bbox 1418 4025 1505 4084; x_wconf 86' lang='lat' dir='ltr'><strong>fastis</strong></span> 
     </span>
     <span class='ocr_line' id='line_1_37' title="bbox 173 4117 1506 4198; baseline 0.006 -20"><span class='ocrx_word' id='word_1_352' title='bbox 173 4119 346 4197; x_wconf 83' lang='lat' dir='ltr'><strong>provinciae</strong></span> <span class='ocrx_word' id='word_1_353' title='bbox 368 4120 461 4179; x_wconf 85' lang='lat' dir='ltr'><strong>Asiae</strong></span> <span class='ocrx_word' id='word_1_354' title='bbox 488 4140 517 4198; x_wconf 93' lang='lat' dir='ltr'><strong>p.</strong></span> <span class='ocrx_word' id='word_1_355' title='bbox 535 4120 574 4178; x_wconf 85' lang='grc'><strong>64</strong></span> <span class='ocrx_word' id='word_1_356' title='bbox 583 4138 645 4196; x_wconf 88' lang='lat' dir='ltr'><strong>seq.</strong></span> <span class='ocrx_word' id='word_1_357' title='bbox 668 4119 714 4179; x_wconf 89' lang='lat' dir='ltr'><strong>ed.</strong></span> <span class='ocrx_word' id='word_1_358' title='bbox 737 4119 891 4195; x_wconf 90' lang='lat' dir='ltr'><strong>minoris),</strong></span> <span class='ocrx_word' id='word_1_359' title='bbox 919 4117 954 4179; x_wconf 84' lang='grc' dir='ltr'><strong>Ο.</strong></span> <span class='ocrx_word' id='word_1_360' title='bbox 978 4119 1127 4179; x_wconf 87' lang='lat' dir='ltr'><strong>Fannium</strong></span> <span class='ocrx_word' id='word_1_361' title='bbox 1151 4130 1319 4198; x_wconf 86' lang='lat' dir='ltr'><strong>praetorem</strong></span> <span class='ocrx_word' id='word_1_362' title='bbox 1341 4145 1370 4183; x_wconf 86' lang='lat' dir='ltr'><strong>a.</strong></span> <span class='ocrx_word' id='word_1_363' title='bbox 1387 4125 1445 4184; x_wconf 79' lang='lat'><strong>705</strong></span> <span class='ocrx_word' id='word_1_364' title='bbox 1474 4128 1506 4186; x_wconf 92' lang='lat' dir='ltr'><strong>in</strong></span> 
     </span>
     <span class='ocr_line' id='line_1_38' title="bbox 174 4219 1507 4312; baseline 0.005 -33"><span class='ocrx_word' id='word_1_365' title='bbox 174 4221 304 4296; x_wconf 86' lang='lat' dir='ltr'><strong>epistula</strong></span> <span class='ocrx_word' id='word_1_366' title='bbox 331 4222 369 4279; x_wconf 84' lang='lat' dir='ltr'><strong>ab</strong></span> <span class='ocrx_word' id='word_1_367' title='bbox 395 4221 462 4297; x_wconf 91' lang='lat' dir='ltr'><strong>ipso</strong></span> <span class='ocrx_word' id='word_1_368' title='bbox 488 4221 600 4297; x_wconf 88' lang='lat' dir='ltr'><strong>scripta</strong></span> <span class='ocrx_word' id='word_1_369' title='bbox 621 4222 718 4281; x_wconf 90' lang='lat' dir='ltr'><strong>relata</strong></span> <span class='ocrx_word' id='word_1_370' title='bbox 739 4221 818 4298; x_wconf 91' lang='lat' dir='ltr'><strong>apud</strong></span> <span class='ocrx_word' id='word_1_371' title='bbox 841 4219 1001 4298; x_wconf 87' lang='lat' dir='ltr'><strong>iosephum</strong></span> <span class='ocrx_word' id='word_1_372' title='bbox 1024 4224 1117 4297; x_wconf 89' lang='lat' dir='ltr'><strong>antiq.</strong></span> <span class='ocrx_word' id='word_1_373' title='bbox 1142 4223 1263 4295; x_wconf 82' lang='lat'>14‚10‚</span> <span class='ocrx_word' id='word_1_374' title='bbox 1282 4225 1319 4284; x_wconf 82' lang='grc'><strong>15</strong></span> <span class='ocrx_word' id='word_1_375' title='bbox 1342 4221 1401 4286; x_wconf 88' lang='lat' dir='ltr'><strong>dici</strong></span> <span class='ocrx_word' id='word_1_376' title='bbox 1422 4248 1507 4312; x_wconf 66' lang='lat' dir='ltr'><strong>crpu-</strong></span> 
     </span>
     <span class='ocr_line' id='line_1_39' title="bbox 173 4311 1507 4403; baseline 0.007 -25"><span class='ocrx_word' id='word_1_377' title='bbox 173 4315 262 4398; x_wconf 68' lang='grc' dir='ltr'><strong><em>τηγὺυ</em></strong></span> <span class='ocrx_word' id='word_1_378' title='bbox 289 4311 413 4388; x_wconf 72' lang='grc' dir='ltr'><strong><em>ὑπάτου,</em></strong></span> <span class='ocrx_word' id='word_1_379' title='bbox 440 4323 511 4380; x_wconf 90' lang='lat' dir='ltr'><strong>item</strong></span> <span class='ocrx_word' id='word_1_380' title='bbox 539 4321 617 4398; x_wconf 92' lang='lat' dir='ltr'><strong>apud</strong></span> <span class='ocrx_word' id='word_1_381' title='bbox 647 4323 773 4382; x_wconf 90' lang='lat' dir='ltr'><strong>eundem</strong></span> <span class='ocrx_word' id='word_1_382' title='bbox 805 4323 857 4392; x_wconf 77' lang='lat'><strong>14,</strong></span> <span class='ocrx_word' id='word_1_383' title='bbox 884 4322 975 4391; x_wconf 92' lang='grc'>10,8</span> <span class='ocrx_word' id='word_1_384' title='bbox 1004 4321 1116 4380; x_wconf 86' lang='lat' dir='ltr'><strong>lulium</strong></span> <span class='ocrx_word' id='word_1_385' title='bbox 1147 4322 1257 4383; x_wconf 89' lang='lat' dir='ltr'><strong>Gaium</strong></span> <span class='ocrx_word' id='word_1_386' title='bbox 1287 4327 1390 4385; x_wconf 91' lang='lat' dir='ltr'><strong>nescio</strong></span> <span class='ocrx_word' id='word_1_387' title='bbox 1417 4347 1507 4403; x_wconf 89' lang='lat' dir='ltr'><strong>qoem</strong></span> 
     </span>
     <span class='ocr_line' id='line_1_40' title="bbox 175 4421 1507 4503; baseline 0.002 -21"><span class='ocrx_word' id='word_1_388' title='bbox 175 4422 309 4482; x_wconf 88' lang='lat' dir='ltr'><strong>eiusdem</strong></span> <span class='ocrx_word' id='word_1_389' title='bbox 332 4422 438 4480; x_wconf 86' lang='lat' dir='ltr'><strong>aetatis</strong></span> <span class='ocrx_word' id='word_1_390' title='bbox 461 4423 609 4480; x_wconf 88' lang='lat' dir='ltr'><strong>hominem</strong></span> <span class='ocrx_word' id='word_1_391' title='bbox 632 4423 813 4499; x_wconf 87' lang='lat' dir='ltr'><strong>pariterque,</strong></span> <span class='ocrx_word' id='word_1_392' title='bbox 835 4432 868 4480; x_wconf 92' lang='lat' dir='ltr'><strong>ut</strong></span> <span class='ocrx_word' id='word_1_393' title='bbox 882 4421 1007 4492; x_wconf 81' lang='lat' dir='ltr'><strong>ridetur,</strong></span> <span class='ocrx_word' id='word_1_394' title='bbox 1029 4432 1170 4497; x_wconf 87' lang='lat' dir='ltr'><strong>praetura</strong></span> <span class='ocrx_word' id='word_1_395' title='bbox 1190 4425 1362 4501; x_wconf 81' lang='lat' dir='ltr'><strong>fungentem</strong></span> <span class='ocrx_word' id='word_1_396' title='bbox 1382 4427 1412 4483; x_wconf 89' lang='lat' dir='ltr'><strong>iu</strong></span> <span class='ocrx_word' id='word_1_397' title='bbox 1427 4428 1507 4503; x_wconf 90' lang='lat' dir='ltr'><strong>epis·</strong></span> 
     </span>
     <span class='ocr_line' id='line_1_41' title="bbox 174 4513 1506 4606; baseline 0.002 -25"><span class='ocrx_word' id='word_1_398' title='bbox 174 4523 239 4582; x_wconf 90' lang='lat' dir='ltr'><strong>tula</strong></span> <span class='ocrx_word' id='word_1_399' title='bbox 260 4541 314 4582; x_wconf 92' lang='lat' dir='ltr'><strong>sua</strong></span> <span class='ocrx_word' id='word_1_400' title='bbox 336 4522 482 4598; x_wconf 88' lang='lat' dir='ltr'><strong>appellari</strong></span> <span class='ocrx_word' id='word_1_401' title='bbox 504 4517 663 4606; x_wconf 67' lang='grc' dir='ltr'><strong><em>στρατηγὸν</em></strong></span> <span class='ocrx_word' id='word_1_402' title='bbox 683 4515 791 4579; x_wconf 79' lang='grc' dir='ltr'><strong><em>ὑπατον</em></strong></span> <span class='ocrx_word' id='word_1_403' title='bbox 810 4513 962 4588; x_wconf 74' lang='grc' dir='ltr'>Ῥωμαίων.</span> <span class='ocrx_word' id='word_1_404' title='bbox 999 4520 1133 4579; x_wconf 83' lang='lat' dir='ltr'><strong>Admisit</strong></span> <span class='ocrx_word' id='word_1_405' title='bbox 1147 4522 1397 4600; x_wconf 81' lang='lat' dir='ltr'><strong>Waddingtonius</strong></span> <span class='ocrx_word' id='word_1_406' title='bbox 1413 4527 1506 4603; x_wconf 81' lang='lat' dir='ltr'><strong>sigui-</strong></span> 
     </span>
     <span class='ocr_line' id='line_1_42' title="bbox 174 4621 1507 4695; baseline 0.002 -13"><span class='ocrx_word' id='word_1_407' title='bbox 174 4624 257 4683; x_wconf 85' lang='lat' dir='ltr'><strong>ficari</strong></span> <span class='ocrx_word' id='word_1_408' title='bbox 280 4624 324 4682; x_wconf 91' lang='lat' dir='ltr'><strong>sic</strong></span> <span class='ocrx_word' id='word_1_409' title='bbox 346 4623 450 4682; x_wconf 89' lang='lat' dir='ltr'><strong>ducem</strong></span> <span class='ocrx_word' id='word_1_410' title='bbox 472 4625 622 4683; x_wconf 89' lang='lat' dir='ltr'><strong>exercitus</strong></span> <span class='ocrx_word' id='word_1_411' title='bbox 644 4623 728 4682; x_wconf 90' lang='lat' dir='ltr'><strong>nulla</strong></span> <span class='ocrx_word' id='word_1_412' title='bbox 745 4623 868 4680; x_wconf 90' lang='lat' dir='ltr'><strong>honoris</strong></span> <span class='ocrx_word' id='word_1_413' title='bbox 885 4621 1166 4680; x_wconf 89' lang='lat' dir='ltr'><strong>commemoratione</strong></span> <span class='ocrx_word' id='word_1_414' title='bbox 1180 4622 1272 4695; x_wconf 85' lang='lat' dir='ltr'><strong>iacta3</strong></span> <span class='ocrx_word' id='word_1_415' title='bbox 1295 4635 1327 4681; x_wconf 88' lang='lat' dir='ltr'><strong>at</strong></span> <span class='ocrx_word' id='word_1_416' title='bbox 1342 4625 1373 4682; x_wconf 92' lang='lat' dir='ltr'><strong>id</strong></span> <span class='ocrx_word' id='word_1_417' title='bbox 1388 4636 1507 4685; x_wconf 89' lang='lat' dir='ltr'><strong>contra·</strong></span> 
     </span>
    </p>
   </div>
   <div class='ocr_carea' id='block_1_4' title="bbox 77 4719 1506 4803">
    <p class='ocr_par' dir='ltr' id='par_1_6' title="bbox 77 4719 1506 4803">
     <span class='ocr_line' id='line_1_43' title="bbox 77 4719 1506 4803; baseline 0.001 -20"><span class='ocrx_word' id='word_1_418' title='bbox 77 4763 83 4774; x_wconf 84' lang='lat'>·</span> <span class='ocrx_word' id='word_1_419' title='bbox 173 4725 251 4783; x_wconf 88' lang='lat' dir='ltr'><strong>rium</strong></span> <span class='ocrx_word' id='word_1_420' title='bbox 273 4741 340 4784; x_wconf 86' lang='lat' dir='ltr'><strong>esse</strong></span> <span class='ocrx_word' id='word_1_421' title='bbox 361 4725 570 4784; x_wconf 90' lang='lat' dir='ltr'><strong>consuetudini</strong></span> <span class='ocrx_word' id='word_1_422' title='bbox 584 4723 738 4784; x_wconf 87' lang='lat' dir='ltr'><strong>Romanae</strong></span> <span class='ocrx_word' id='word_1_423' title='bbox 760 4739 852 4800; x_wconf 85' lang='lat' dir='ltr'><strong>supra</strong></span> <span class='ocrx_word' id='word_1_424' title='bbox 873 4721 1001 4779; x_wconf 89' lang='lat' dir='ltr'><strong>ostendi.</strong></span> <span class='ocrx_word' id='word_1_425' title='bbox 1038 4719 1176 4796; x_wconf 90' lang='lat' dir='ltr'><strong>Denique</strong></span> <span class='ocrx_word' id='word_1_426' title='bbox 1195 4723 1246 4799; x_wconf 92' lang='lat' dir='ltr'><strong>qui</strong></span> <span class='ocrx_word' id='word_1_427' title='bbox 1261 4725 1407 4800; x_wconf 89' lang='lat' dir='ltr'><strong>epistulae</strong></span> <span class='ocrx_word' id='word_1_428' title='bbox 1421 4746 1506 4803; x_wconf 88' lang='lat' dir='ltr'><strong>prae·</strong></span> 
     </span>
    </p>
   </div>
   <div class='ocr_carea' id='block_1_5' title="bbox 174 4809 1506 5207">
    <p class='ocr_par' dir='ltr' id='par_1_7' title="bbox 174 4809 1506 5207">
     <span class='ocr_line' id='line_1_44' title="bbox 175 4809 1505 4908; baseline -0.001 -23"><span class='ocrx_word' id='word_1_429' title='bbox 175 4825 297 4902; x_wconf 80' lang='lat' dir='ltr'><strong>scripsit</strong></span> <span class='ocrx_word' id='word_1_430' title='bbox 307 4827 365 4884; x_wconf 85' lang='lat' dir='ltr'><strong>sic:</strong></span> <span class='ocrx_word' id='word_1_431' title='bbox 380 4815 466 4888; x_wconf 80' lang='grc' dir='ltr'><strong><em>Γάιος</em></strong></span> <span class='ocrx_word' id='word_1_432' title='bbox 476 4815 593 4884; x_wconf 75' lang='grc' dir='ltr'><strong><em>Φάννιος</em></strong></span> <span class='ocrx_word' id='word_1_433' title='bbox 602 4817 688 4882; x_wconf 84' lang='grc' dir='ltr'><strong><em>Γαιόυ</em></strong></span> <span class='ocrx_word' id='word_1_434' title='bbox 705 4818 763 4884; x_wconf 74' lang='lat' dir='ltr'><strong>vids</strong></span> <span class='ocrx_word' id='word_1_435' title='bbox 777 4812 1054 4906; x_wconf 56' lang='lat' dir='ltr'><strong>&amp;perspicuitates</strong></span> <span class='ocrx_word' id='word_1_436' title='bbox 1064 4812 1150 4896; x_wconf 72' lang='grc' dir='ltr'><strong>Κῴων</strong></span> <span class='ocrx_word' id='word_1_437' title='bbox 1161 4809 1290 4905; x_wconf 65' lang='grc' dir='ltr'><strong><em>ἄρχουσι</em></strong></span> <span class='ocrx_word' id='word_1_438' title='bbox 1303 4817 1425 4908; x_wconf 67' lang='grc' dir='ltr'><strong>χαίρειν,</strong></span> <span class='ocrx_word' id='word_1_439' title='bbox 1440 4846 1505 4886; x_wconf 85' lang='lat' dir='ltr'><strong>cunr</strong></span> 
     </span>
     <span class='ocr_line' id='line_1_45' title="bbox 174 4919 1506 5006; baseline 0.001 -23"><span class='ocrx_word' id='word_1_440' title='bbox 174 4927 206 4983; x_wconf 91' lang='lat' dir='ltr'><strong>iu</strong></span> <span class='ocrx_word' id='word_1_441' title='bbox 228 4927 357 4985; x_wconf 89' lang='lat' dir='ltr'><strong>nummis</strong></span> <span class='ocrx_word' id='word_1_442' title='bbox 380 4945 415 4984; x_wconf 92' lang='lat' dir='ltr'><strong>eo</strong></span> <span class='ocrx_word' id='word_1_443' title='bbox 437 4925 504 5004; x_wconf 93' lang='lat' dir='ltr'><strong>ipso</strong></span> <span class='ocrx_word' id='word_1_444' title='bbox 527 4943 605 4985; x_wconf 88' lang='lat' dir='ltr'><strong>enno</strong></span> <span class='ocrx_word' id='word_1_445' title='bbox 628 4925 754 5002; x_wconf 85' lang='lat' dir='ltr'><strong>signatis</strong></span> <span class='ocrx_word' id='word_1_446' title='bbox 769 4922 937 5000; x_wconf 86' lang='lat' dir='ltr'><strong>appelletur</strong></span> <span class='ocrx_word' id='word_1_447' title='bbox 955 4919 987 4980; x_wconf 83' lang='lat' dir='ltr'><strong>C.</strong></span> <span class='ocrx_word' id='word_1_448' title='bbox 1002 4921 1163 4999; x_wconf 81' lang='lat' dir='ltr'><strong>Fun(niua)</strong></span> <span class='ocrx_word' id='word_1_449' title='bbox 1175 4923 1333 5000; x_wconf 54' lang='lat' dir='ltr'><strong>posidet)</strong></span> <span class='ocrx_word' id='word_1_450' title='bbox 1343 4925 1506 5006; x_wconf 81' lang='lat' dir='ltr'><strong>pr(oetor),</strong></span> 
     </span>
     <span class='ocr_line' id='line_1_46' title="bbox 177 5015 1506 5106; baseline 0.002 -22"><span class='ocrx_word' id='word_1_451' title='bbox 177 5045 243 5084; x_wconf 90' lang='lat' dir='ltr'><strong>eum</strong></span> <span class='ocrx_word' id='word_1_452' title='bbox 265 5027 332 5103; x_wconf 92' lang='lat' dir='ltr'><strong>quis</strong></span> <span class='ocrx_word' id='word_1_453' title='bbox 355 5027 455 5086; x_wconf 91' lang='lat' dir='ltr'><strong>credet</strong></span> <span class='ocrx_word' id='word_1_454' title='bbox 475 5027 506 5086; x_wconf 89' lang='lat' dir='ltr'><strong>in</strong></span> <span class='ocrx_word' id='word_1_455' title='bbox 527 5026 582 5086; x_wconf 86' lang='lat' dir='ltr'><strong>illa</strong></span> <span class='ocrx_word' id='word_1_456' title='bbox 602 5025 836 5103; x_wconf 86' lang='lat' dir='ltr'><strong>praescriptione</strong></span> <span class='ocrx_word' id='word_1_457' title='bbox 857 5015 1018 5106; x_wconf 68' lang='grc' dir='ltr'><strong><em>στρατηγὸν</em></strong></span> <span class='ocrx_word' id='word_1_458' title='bbox 1040 5041 1072 5083; x_wconf 87' lang='lat' dir='ltr'><strong>se</strong></span> <span class='ocrx_word' id='word_1_459' title='bbox 1094 5022 1207 5083; x_wconf 87' lang='lat' dir='ltr'><strong>dixisse</strong></span> <span class='ocrx_word' id='word_1_460' title='bbox 1221 5031 1373 5101; x_wconf 88' lang='lat' dir='ltr'><strong>tamquam</strong></span> <span class='ocrx_word' id='word_1_461' title='bbox 1391 5027 1506 5101; x_wconf 88' lang='lat' dir='ltr'><strong>ducem,</strong></span> 
     </span>
     <span class='ocr_line' id='line_1_47' title="bbox 175 5113 1506 5207; baseline 0.002 -21"><span class='ocrx_word' id='word_1_462' title='bbox 175 5145 236 5186; x_wconf 90' lang='lat' dir='ltr'><strong>non</strong></span> <span class='ocrx_word' id='word_1_463' title='bbox 261 5135 413 5205; x_wconf 87' lang='lat' dir='ltr'><strong>tamquam</strong></span> <span class='ocrx_word' id='word_1_464' title='bbox 440 5125 628 5206; x_wconf 80' lang='lat' dir='ltr'><strong>praetorem?</strong></span> <span class='ocrx_word' id='word_1_465' title='bbox 672 5123 826 5202; x_wconf 88' lang='lat' dir='ltr'><strong>Sequitur,</strong></span> <span class='ocrx_word' id='word_1_466' title='bbox 854 5133 887 5183; x_wconf 90' lang='lat' dir='ltr'><strong>ut</strong></span> <span class='ocrx_word' id='word_1_467' title='bbox 907 5117 1067 5207; x_wconf 72' lang='grc' dir='ltr'><strong><em>στρατηγὸς</em></strong></span> <span class='ocrx_word' id='word_1_468' title='bbox 1088 5113 1194 5182; x_wconf 77' lang='grc' dir='ltr'><strong><em>ὑποτυο</em></strong></span> <span class='ocrx_word' id='word_1_469' title='bbox 1215 5127 1244 5182; x_wconf 91' lang='lat' dir='ltr'><strong>in</strong></span> <span class='ocrx_word' id='word_1_470' title='bbox 1265 5127 1347 5186; x_wconf 89' lang='lat' dir='ltr'><strong>hisce</strong></span> <span class='ocrx_word' id='word_1_471' title='bbox 1369 5129 1506 5206; x_wconf 86' lang='lat' dir='ltr'><strong>epistulis</strong></span> 
     </span>
    </p>
   </div>
   <div class='ocr_carea' id='block_1_6' title="bbox 178 5224 1507 5386">
    <p class='ocr_par' dir='ltr' id='par_1_8' title="bbox 178 5224 1507 5386">
     <span class='ocr_line' id='line_1_48' title="bbox 178 5224 1507 5306; baseline 0.001 -19"><span class='ocrx_word' id='word_1_472' title='bbox 178 5229 297 5306; x_wconf 84' lang='lat' dir='ltr'><strong>scriptis</strong></span> <span class='ocrx_word' id='word_1_473' title='bbox 308 5229 428 5294; x_wconf 87' lang='lat' dir='ltr'><strong>ineunte</strong></span> <span class='ocrx_word' id='word_1_474' title='bbox 442 5229 562 5290; x_wconf 88' lang='lat' dir='ltr'><strong>saeculo</strong></span> <span class='ocrx_word' id='word_1_475' title='bbox 577 5235 684 5288; x_wconf 87' lang='lat' dir='ltr'><strong>octavo</strong></span> <span class='ocrx_word' id='word_1_476' title='bbox 700 5225 783 5286; x_wconf 88' lang='lat' dir='ltr'><strong>aliod</strong></span> <span class='ocrx_word' id='word_1_477' title='bbox 799 5226 946 5304; x_wconf 84' lang='lat' dir='ltr'><strong>significet</strong></span> <span class='ocrx_word' id='word_1_478' title='bbox 961 5235 1050 5302; x_wconf 84' lang='lat' dir='ltr'><strong>atque</strong></span> <span class='ocrx_word' id='word_1_479' title='bbox 1066 5224 1194 5286; x_wconf 89' lang='lat' dir='ltr'><strong>vidimus</strong></span> <span class='ocrx_word' id='word_1_480' title='bbox 1210 5228 1379 5303; x_wconf 82' lang='lat' dir='ltr'><strong>significare</strong></span> <span class='ocrx_word' id='word_1_481' title='bbox 1392 5230 1423 5288; x_wconf 91' lang='lat' dir='ltr'><strong>in</strong></span> <span class='ocrx_word' id='word_1_482' title='bbox 1439 5230 1507 5288; x_wconf 89' lang='lat' dir='ltr'><strong>titu-</strong></span> 
     </span>
     <span class='ocr_line' id='line_1_49' title="bbox 1024 5327 1281 5386; baseline 0.008 -2"><span class='ocrx_word' id='word_1_483' title='bbox 1024 5333 1028 5340; x_wconf 86' lang='lat'>&#39;</span> <span class='ocrx_word' id='word_1_484' title='bbox 1244 5327 1281 5386; x_wconf 88' lang='grc'><strong>16</strong></span> 
     </span>
    </p>
   </div>
   <div class='ocr_carea' id='block_1_7' title="bbox 0 0 1874 5838">
    <p class='ocr_par' dir='ltr' id='par_1_9' title="bbox 0 0 1874 5838">
     <span class='ocr_line' id='line_1_50' title="bbox 0 0 1874 5838; baseline 0 0"><span class='ocrx_word' id='word_1_485' title='bbox 0 0 1874 5838; x_wconf 95' lang='lat' dir='ltr'><strong> </strong></span> 
     </span>
    </p>
   </div>
  </div>
 </body>
</html>
