3742 5826
365 527 437 626 198
596 633 598 638 ¹
953 565 1099 617 uauzsu

362 747 501 821 Denique
527 741 607 819 quod
633 740 736 800 scribit
757 737 949 814 Lampridius
976 737 1052 812 (rite
1073 737 1161 796 Alex.
1184 735 1238 812 43)
1263 737 1391 795 nundino
1413 746 1507 796 vetera
1534 757 1567 796 er
1593 740 1692 797 ordine

362 847 529 907 instituisse
552 841 694 908 Severum
716 840 939 911 Alexandrum,
967 838 1184 914 Brumbachius
1211 837 1328 914 (pli)
1354 838 1397 896 ita
1422 837 1556 914 explicat
1579 838 1690 896 colluto

361 949 429 1008 loco
439 945 559 1016 Dionis,
574 943 707 1002 nundina
718 949 819 1002 vetere
833 941 988 1000 bimestris
1001 957 1068 999 esse
1082 939 1220 998 instituta
1233 937 1396 1002 secundum
1406 940 1506 1014 ipsum
1517 959 1536 999 a
1546 939 1688 1012 Traiano,

362 1049 479 1108 turbata
504 1055 604 1106 eutem
630 1063 649 1103 a
670 1042 835 1104 Commodo
857 1041 1144 1119 imperatoribusque
1166 1039 1394 1118 posterioribus.
1435 1040 1519 1100 Idem
1541 1040 1689 1118 proximis

362 1159 431 1226 post
446 1146 652 1207 Alexandrum
671 1144 854 1222 temporibus
869 1144 1027 1219 quicquam
1043 1151 1185 1201 novatum
1203 1159 1268 1201 esse
1281 1149 1381 1219 negat,
1402 1150 1562 1220 eapropter
1575 1149 1689 1201 tantum

362 1253 393 1309 ni
407 1251 506 1319 fallor,
521 1247 602 1324 quod
617 1247 653 1306 de
667 1247 754 1306 fastis
769 1255 936 1322 temporum
950 1262 1026 1320 quae
1040 1244 1179 1319 proxime
1193 1251 1358 1319 sequuntur
1372 1250 1500 1302 aetatem
1511 1242 1690 1312 Alexandri,

363 1353 438 1413 nihil
449 1351 570 1408 omuino
581 1349 729 1406 novimus.
755 1347 975 1404 Documentum
986 1355 1085 1403 autern
1097 1343 1177 1419 quod
1189 1343 1324 1402 delestis
1337 1345 1447 1402 saeculi
1463 1345 1541 1404 tertii
1553 1352 1691 1420 superest

364 1471 423 1510 non
445 1460 506 1509 tam
529 1448 703 1525 primarium
719 1466 808 1524 quarn
824 1449 943 1506 unicum
958 1457 988 1504 et
1002 1453 1156 1522 praeterea
1170 1445 1369 1516 notissimum,
1391 1463 1573 1521 quamquam
1587 1444 1689 1505 nescio

363 1572 423 1629 quo
446 1549 534 1610 modo
550 1550 780 1608 Brambachiom
802 1548 888 1624 fugit,
909 1547 1056 1605 fastorum
1073 1545 1255 1605 Calenorom
1276 1545 1473 1622 fragmentum
1495 1546 1534 1622 (1.
1551 1545 1590 1604 N.
1606 1545 1688 1605 3946

366 1679 402 1705 =
420 1652 473 1712 Or.
488 1651 614 1711 Henren
628 1649 722 1726 6447)
744 1650 896 1727 pertinens
911 1649 949 1707 ad
965 1666 1076 1706 annum
1091 1646 1162 1720 289,
1179 1664 1247 1706 cam
1269 1657 1410 1722 quattuor
1429 1655 1585 1708 recenseat
1605 1648 1691 1724 paria

364 1755 531 1824 consulum,
552 1767 763 1827 nonnunquam
785 1757 864 1808 certe
885 1767 921 1807 ea
942 1759 1040 1808 aetate
1061 1749 1194 1806 nundina
1207 1748 1300 1808 fuisse
1316 1748 1447 1808 declarat
1461 1749 1586 1826 siugulis
1602 1749 1689 1807 annis

364 1865 518 1933 quaterna.
566 1851 626 1913 Sed
651 1869 712 1911 non
738 1851 935 1927 aequabiliter
959 1851 990 1909 in
1015 1861 1117 1927 partes
1143 1857 1285 1925 quattuor
1310 1869 1422 1908 annum
1447 1851 1532 1910 illum
1559 1851 1689 1910 divisum

364 1975 433 2017 esse
457 1954 588 2031 epistola
613 1954 797 2012 demonstrat
821 1950 926 2010 eodem
952 1970 1031 2010 anno
1057 1971 1075 2010 a
1101 1950 1345 2027 quindecimviris
1367 1950 1460 2009 sacris
1481 1951 1629 2011 faciundis
1651 1953 1689 2010 ad

365 2058 522 2120 Cumanos·
538 2057 631 2116 missa
652 2054 691 2130 (Ι.
706 2051 747 2112 N.
764 2052 844 2112 2558
861 2076 899 2102 =
916 2051 969 2122 Or.
987 2051 1097 2128 2263);
1120 2053 1161 2111 ibi
1182 2053 1262 2111 eninr
1283 2053 1333 2129 qui
1357 2071 1383 2112 a.
1406 2052 1688 2113 uxv1kalendas

362 2158 552 2236 Septembres
579 2155 718 2216 consoles
746 2154 937 2214 nominantur
964 2153 1004 2212 M.
1030 2153 1175 2214 Umbrius
1199 2153 1321 2212 Primus
1348 2163 1378 2212 et
1399 2154 1442 2213 T..
1464 2153 1590 2213 Flavius
1612 2153 1688 2214 Coe·

362 2263 461 2321 lienus
487 2259 519 2316 in
544 2257 632 2316 fastis
655 2254 778 2316 Caleuis
806 2255 966 2314 secundum
995 2252 1159 2314 nundinum
1186 2255 1320 2314 obtinent
1347 2255 1398 2330 (cf.
1426 2255 1463 2314 de
1484 2255 1576 2314 Rossi
1596 2257 1687 2315 inser.

287 2426 296 2434 ,
363 2361 498 2422 christl
522 2379 551 2437 p.
565 2358 642 2434 XV)
665 2375 719 2415 neo
740 2356 895 2434 probabile
916 2363 963 2414 est
984 2356 1016 2413 iu
1037 2355 1133 2418 altem
1154 2363 1221 2414 utro
1239 2356 1418 2415 documento
1433 2375 1564 2416 errorem
1578 2357 1687 2418 inesse.

363 2461 511 2521 Videntur
524 2459 615 2535 igitur
636 2475 714 2517 auno
730 2455 789 2516 289
810 2456 942 2516 nundina
956 2455 1015 2516 duo
1030 2456 1131 2534 priora
1146 2457 1374 2533 quadrimestria
1388 2457 1492 2529 luisse,
1514 2458 1573 2518 duo
1588 2466 1689 2534 poste·

363 2565 444 2624 riora
469 2577 528 2620 non
555 2560 640 2629 item;
667 2560 741 2617 haec
767 2567 865 2616 utrum
893 2557 1049 2617 bimestris
1074 2557 1186 2617 luerint
1211 2577 1249 2618 an
1270 2563 1393 2636 propter
1413 2575 1534 2619 oausam
1556 2560 1687 2637 aliquam

364 2667 497 2744 ignotam
517 2659 692 2720 consulibus
714 2659 839 2718 nundini
861 2659 941 2718 tertii
961 2659 1133 2720 consulibus
1155 2659 1208 2718 alii
1227 2669 1315 2719 extra
1334 2660 1468 2719 ordinem
1484 2659 1601 2720 suffecti
1616 2662 1687 2732 sint,

363 2784 424 2825 non
449 2764 552 2840 liquet.
594 2760 774 2838 Legitimum
800 2767 899 2817 autem
925 2741 1134 2818 consulatuum
1162 2761 1227 2819 eius
1253 2761 1360 2820 aetatis
1387 2770 1503 2838 tempus
1529 2764 1687 2838 quominus

364 2874 427 2926 tuto
450 2863 627 2938 colligamus
649 2880 690 2920 ex
708 2859 794 2918 lastis
810 2858 943 2929 celenis,
963 2860 1087 2936 impedit
1108 2861 1219 2936 pagina
1239 2878 1342 2921 eorum
1364 2863 1461 2922 altera
1473 2864 1610 2940 quamvis
1624 2884 1688 2924 mu·

363 2966 418 3026 tila
439 2975 470 3024 et
490 2963 568 3023 male
590 2961 751 3038 descripta,
773 2979 851 3036 quse
873 2960 938 3020 dies
961 2963 1113 3020 contineat
1129 2963 1340 3023 consulatuum
1361 2964 1501 3023 initorum
1517 2985 1583 3023 cum
1598 2967 1688 3027 lasus

364 3067 435 3127 anni
449 3065 508 3125 289
536 3082 597 3123 non
620 3063 695 3122 setis
716 3061 955 3122 convenientes·
978 3061 1046 3121 Hoc
1067 3080 1140 3122 sane
1162 3064 1323 3123 ostendunt
1344 3065 1535 3124 suffectorum
1557 3067 1687 3140 nomina,

363 3184 543 3245 quamquam
558 3163 595 3222 ed
610 3182 718 3224 annum
740 3163 931 3222 indicandum
945 3165 1004 3222 iam
1020 3182 1057 3222 ne
1072 3163 1190 3240 publice
1204 3165 1323 3240 quidem
1338 3166 1565 3239 adhibebantur,
1587 3179 1687 3227 tamen

362 3269 411 3328 vel
432 3287 468 3326 ee
488 3275 584 3325 aetate
605 3266 636 3324 in
658 3273 725 3324 acta
749 3266 870 3342 publica
891 3265 986 3325 relate
1006 3283 1085 3324 esse:
1111 3283 1172 3342 qua
1193 3265 1229 3326 de
1251 3285 1283 3324 re
1305 3267 1369 3326 sine
1389 3268 1471 3326 iusta
1491 3287 1581 3328 cause
1602 3270 1687 3331 dubi·

363 3369 437 3430 tavit
450 3367 668 3426 Brambachius
687 3366 731 3442 (p.
744 3365 809 3442 20).
839 3363 907 3440 Qua
921 3373 1020 3426 autem
1034 3368 1151 3426 ratione
1164 3367 1277 3426 tactum
1292 3368 1340 3441 sit,
1362 3376 1395 3427 ut
1408 3369 1551 3446 temporis
1565 3369 1688 3430 notandi

363 3487 455 3530 causa
479 3467 669 3528 suffectorum
696 3469 817 3528 nomina
842 3470 1042 3528 monumentis
1068 3467 1196 3545 amplius
1217 3487 1278 3528 non
1299 3470 1540 3543 inscriberentur,
1567 3470 1598 3529 id
1619 3472 1687 3532 loco

362 3573 451 3631 modo
472 3571 564 3628 citato
585 3569 726 3646 exposuit
746 3568 884 3630 Roscius.
1517 3549 1520 3560 Α

446 3669 533 3744 Quae
558 3671 595 3730 de
622 3671 754 3747 priorum
781 3670 969 3729 saeculorum
992 3688 1079 3731 aerae
1100 3677 1221 3731 nostrae
1242 3671 1383 3731 nundinis
1405 3673 1612 3734 consularibus
1634 3691 1687 3733 ex·

362 3773 529 3850 posuimus,
550 3789 610 3846 quo
632 3770 740 3832 melius
762 3779 875 3830 mutata
896 3789 1000 3830 eorum
1021 3771 1097 3830 ratio
1118 3782 1271 3851 appareat,
1293 3773 1394 3833 tabula
1414 3774 1565 3850 complexi
1583 3791 1687 3834 sumus

362 3872 539 3948 subscripta.
