3742 5826
639 579 806 632 nunnius
825 580 1067 632 consumam.
1444 565 1513 636 195

189 752 245 810 107
274 770 312 808 an
342 750 400 810 108
428 750 577 810 tribuendi
604 756 707 810 essent
727 752 932 811 Mommsenas
958 752 1157 812 dubitaverat.
1200 755 1262 813 lam
1284 755 1451 814 videbimus
1478 755 1514 813 de

186 852 233 926 iis,
255 870 331 929 quae
353 851 391 909 ad
412 850 619 910 consulatuum
640 863 758 930 tempus
779 853 978 913 deliniendum
999 855 1157 931 pertinent.

257 951 454 1012 ¹Consulatus
476 953 616 1013 inbiuos
639 973 757 1014 menses
780 975 799 1013 a
813 954 944 1014 Traiano
966 956 1053 1014 datos
1075 973 1142 1016 esse
1163 964 1194 1015 et
1214 958 1252 1015 ab
1275 977 1311 1016 ea
1331 957 1399 1016 inde
1417 967 1514 1018 aetate

188 1055 363 1114 consulatus
386 1054 544 1113 bimestres
566 1055 683 1114 initium
705 1055 822 1132 cepisse
837 1055 1055 1114 Brambacbius
1078 1057 1191 1116 statuit.
1230 1058 1268 1116 Et
1290 1059 1326 1117 de
1348 1077 1427 1120 anno
1450 1061 1516 1137 qui-

188 1156 255 1215 dem
280 1154 338 1213 100
364 1163 444 1215 recte
471 1157 590 1216 videtur
615 1157 779 1230 iudicasse,
809 1175 876 1215 cum
904 1157 1042 1215 consules
1071 1159 1125 1233 qui
1152 1178 1188 1217 eo
1215 1177 1293 1217 anno
1322 1160 1420 1220 fasces
1449 1179 1516 1239 ges·

188 1257 265 1315 sisse
292 1255 431 1316 videntur
457 1275 565 1316 norem
593 1258 653 1317 alio
678 1257 768 1316 modo
796 1277 850 1334 per
877 1257 1011 1316 nundina
1036 1259 1088 1316 uix
1115 1260 1235 1334 possint
1260 1261 1410 1320 distributi
1439 1281 1515 1322 esse.

189 1357 269 1416 Nam
291 1359 357 1435 ipse
378 1359 542 1434 imperator
562 1378 616 1437 per
637 1359 772 1418 nundina
792 1360 851 1418 duo
873 1359 971 1418 fasces
992 1359 1126 1430 retinuit,
1149 1359 1297 1418 adiunctis
1320 1361 1376 1421 sibi
1392 1363 1517 1440 collegis

188 1460 219 1517 in
244 1459 372 1518 alterum
395 1458 468 1520 Sex.
490 1459 568 1518 lulio
590 1459 736 1519 Frontino
750 1460 816 1532 III,
844 1461 875 1518 in
897 1459 1037 1532 alterum,
1065 1468 1098 1518 nt
1119 1460 1245 1534 uidetur,
1267 1461 1418 1522 Vestricio
1440 1462 1517 1542 Spu·

189 1560 276 1619 rinna
291 1561 339 1618 ΙΙΙ
363 1561 414 1636 (cf.
436 1561 604 1622 Mommsen
626 1563 656 1620 in
673 1561 804 1621 Hermae
825 1563 884 1620 vol.
902 1563 919 1620 3
943 1579 971 1636 p.
987 1561 1037 1632 40,
1054 1559 1097 1636 2).
1134 1562 1237 1621 Mense
1260 1572 1359 1622 autem
1382 1561 1516 1641 Septem·

189 1661 235 1720 bri
258 1659 293 1720 0.
315 1661 447 1721 Plinium
470 1660 639 1722 Secundum
663 1673 693 1722 et
715 1662 750 1722 O.
768 1663 882 1721 Iulium
901 1661 1067 1722 Cornutum
1082 1662 1250 1723 Tertullum
1272 1665 1413 1724 consules
1434 1685 1518 1743 repe·

189 1763 283 1823 rimrm
305 1762 405 1838 (Plin.
427 1782 533 1840 paneg.
555 1763 609 1835 923
632 1764 669 1824 cf.
692 1762 860 1824 Brambach
883 1782 912 1839 p.
930 1764 968 1821 14
990 1772 1020 1822 et
1041 1763 1207 1823 Mommsen
1230 1765 1249 1822 Ι.
1264 1784 1290 1822 c.
1312 1785 1341 1842 p.
1359 1767 1425 1843 91),
1447 1767 1517 1826 item

189 1863 225 1922 L.
248 1863 391 1922 Roscium
412 1864 570 1924 Aelianum
597 1873 627 1924 et
648 1865 695 1923 Ti.
720 1863 878 1925 Claudium
903 1863 1101 1924 Sacerdotem·
1117 1885 1144 1924 a.
1167 1866 1195 1922 d.
1218 1865 1284 1924 ΙΙΙΙ
1303 1866 1447 1926 kalendas
1470 1868 1517 1926 la-

189 1965 311 2024 nuarias
334 1965 402 2039 (Or.
419 1965 503 2042 787).
540 1967 577 2024 ln
598 1967 732 2025 nundina
752 1966 843 2043 igitur
864 1967 922 2024 tria
943 1985 1009 2024 cum
1031 1965 1170 2024 distribui
1192 1975 1341 2041 nequeant
1361 1968 1426 2026 eius
1448 1971 1518 2028 anni

191 2066 340 2138 consules,
362 2067 491 2126 sirecte
511 2068 640 2126 Acutius
655 2066 760 2126 Nerva
779 2068 856 2126 inter
875 2083 930 2126 eos
953 2076 1135 2138 recensetur,
1158 2087 1195 2125 ne
1217 2068 1246 2125 in
1269 2077 1431 2142 quaternos
1452 2069 1519 2144 qui·

190 2167 256 2225 dem
291 2185 410 2227 menses
440 2167 587 2246 designati
617 2187 683 2228 esse
713 2179 854 2245 possuutr
889 2169 989 2245 itaque
1017 2167 1175 2226 anu0100
1203 2168 1336 2227 nundina
1364 2169 1519 2228 bimestris

98 2277 104 2290 ·
190 2267 283 2326 inisse
308 2269 464 2344 probabile
489 2280 544 2328 est.
588 2272 631 2329 At
656 2279 766 2328 temere
793 2270 863 2329 inde
885 2269 1102 2328 Brambsclrius
1125 2269 1246 2346 collegit
1267 2270 1426 2330 bimestres
1447 2288 1518 2329 con·

191 2368 306 2428 sulatus
333 2390 352 2429 a
374 2370 506 2430 Traiano
532 2373 670 2448 coepisse
697 2371 785 2430 stab
807 2390 842 2430 eo
864 2371 933 2428 inde
954 2379 1088 2448 tempore
1110 2370 1269 2441 mansisse,
1298 2390 1364 2430 cum
1387 2371 1520 2430 nundina

191 2469 345 2531 bimestris
372 2472 461 2532 etiam
483 2473 647 2546 anteriore,
675 2480 706 2532 et
733 2472 965 2549 quadrimestria
991 2479 1021 2530 ct
1049 2472 1213 2530 trimestria
1238 2473 1327 2531 etiam
1354 2472 1518 2548 posteriore

191 2582 323 2650 tempore
344 2573 375 2631 in
398 2575 597 2634 monumentis
618 2581 893 2632 commemorentur.

273 2673 314 2731 Et
335 2674 507 2733 consulatus
529 2674 647 2751 quidem
670 2675 903 2750 quadrimestres
918 2674 965 2732 vel
988 2675 1045 2733 sub
1060 2673 1193 2732 Traiano
1215 2673 1308 2734 fnisse
1330 2684 1519 2733 monumenta

192 2773 325 2833 indicant
346 2775 415 2833 anni
433 2776 501 2848 107,
528 2794 589 2852 quo
611 2775 648 2833 L.
670 2774 804 2835 Licinius
827 2774 906 2835 Sura
919 2775 982 2847 III,
1010 2773 1048 2848 Q.
1072 2773 1180 2836 Sosius
1204 2773 1329 2836 Senecio
1346 2775 1384 2833 II·
1401 2775 1519 2835 ordina·

192 2875 253 2935 rios
273 2877 372 2936 fasces
393 2886 560 2954 gesserunt,
581 2877 721 2936 Minicius
743 2885 843 2936 autem
866 2877 1030 2936 Fundanus
1052 2884 1082 2934 et
1097 2875 1276 2936 Vettennius
1298 2875 1428 2938 Severus
1452 2895 1519 2936 con·

193 2977 275 3036 sales
296 2987 568 3037 commemorantur
588 2979 685 3056 pridie
706 2978 853 3038 kalendas
874 2978 967 3036 Iulias
990 2977 1064 3051 (tab.
1080 2978 1150 3037 lion.
1171 2978 1254 3036 miss.
1269 2977 1520 3054 weissenburg),

192 3079 330 3138 kalendis
351 3081 501 3158 Augustis
525 3079 593 3155 (VI,
610 3078 671 3138 630
687 3105 724 3130 =
742 3078 795 3138 Or.
815 3079 920 3154 1588),
943 3078 1038 3154 pridie
1060 3080 1126 3138 idus
1142 3076 1299 3155 Augustas
1321 3078 1443 3154 (Marini
1461 3077 1520 3137 129

195 3205 231 3230 =
249 3180 302 3240 Or.
319 3180 424 3258 2471).
467 3179 631 3240 Fundanus
654 3181 746 3256 igitur
768 3189 797 3238 et
819 3177 949 3238 Severus
972 3179 1125 3238 mensibus
1148 3180 1250 3250 Iunio,
1271 3179 1359 3248 Iulio,
1382 3182 1520 3256 Augusto

193 3299 260 3341 cum
285 3282 473 3342 consulatum
502 3283 664 3359 gesserint,
691 3282 755 3357 qui'
771 3299 887 3339 menses
914 3279 1054 3338 nundinis
1082 3291 1178 3356 neque
1205 3279 1399 3338 semestribus
1425 3297 1520 3355 neque

193 3383 392 3442 trimestribus
419 3385 614 3455 conveniunt,
641 3390 744 3458 utpote
769 3401 845 3458 quae
866 3382 955 3440 linem
978 3379 1102 3438 nundini
1123 3380 1277 3456 requirant
1297 3380 1374 3456 prid.
1397 3382 1426 3439 k.
1450 3380 1520 3452 lul,

194 3485 427 3560 quadrimestres
449 3485 518 3544 anni
540 3485 622 3542 illius
644 3482 819 3542 consulatus
841 3482 934 3540 fuisse
955 3479 1114 3538 manifesto
1136 3488 1269 3558 apparet.
1309 3481 1398 3540 Anno
1420 3493 1519 3540 sutem

196 3585 251 3643 101
276 3586 436 3646 trimestria
456 3586 588 3644 nundina
609 3585 739 3644 fuerunt.
775 3583 923 3642 Consules
945 3580 1024 3640 enim
1046 3581 1187 3639 ordinarii
1210 3597 1276 3640 curn
1298 3590 1400 3640 essent
1414 3582 1521 3641 Traia·

194 3705 251 3745 nus
271 3688 337 3746 IllI
362 3685 451 3760 etQ.
474 3688 658 3746 Articuleius
681 3686 807 3756 Paetus,
835 3685 917 3742 illius
944 3685 974 3741 in
1000 3683 1099 3740 locum
1121 3702 1192 3741 mox
1213 3682 1356 3741 suffectus
1379 3693 1425 3742 est
1447 3681 1519 3744 Sex.

194 3789 297 3848 Attius
319 3786 507 3862 Suburanus,
536 3791 588 3866 qui
610 3787 778 3846 antediem
801 3785 876 3845 VIII
896 3783 1042 3843 kalendas
1064 3784 1183 3860 Apriles
1205 3803 1265 3843 una
1286 3803 1353 3842 cum
1374 3783 1468 3844 Paeto
1489 3785 1520 3842 in

195 3891 270 3950 actis
298 3891 456 3950 Arvalium
485 3898 742 3950 commemoratur.
792 3886 899 3962 Neque
927 3896 1026 3944 tamen
1055 3886 1085 3944 lii
1115 3887 1193 3944 ultra
1220 3904 1353 3946 mensem
1381 3885 1520 3946 Martium

195 3993 307 4052 honore
328 3992 419 4052 functi
441 4000 524 4063 sunt,
555 4010 621 4050 cum
648 3998 717 4048 ante
745 3989 823 4047 diem
845 3987 890 4046 Vl
916 3988 1062 4046 kalendas
1085 3987 1181 4047 Maias
1203 3985 1240 4060 Q.
1265 3985 1413 4047 Servaeus
1434 3987 1522 4045 luve-

195 4093 273 4154 nalis
293 4100 323 4150 et
343 4094 383 4154 M.
399 4093 532 4152 Maecius
548 4091 638 4151 Oeler
658 4090 795 4150 consules
818 4090 974 4147 laudentur
995 4089 1141 4148 mensium
1163 4088 1276 4147 scilicet
1297 4088 1421 4164 Aprilis,
1439 4087 1520 4157 Maii,

195 4193 284 4252 lunii.
332 4192 450 4266 Quibus
477 4193 581 4271 quiin
603 4210 719 4252 menses
741 4191 864 4262 lulium,
887 4194 1065 4268 Augustum,
1088 4188 1290 4266 Septembrem
1313 4189 1521 4259 successerint,

195 4295 381 4373 ignoramusr
408 4313 463 4371 per
489 4313 605 4354 menses
631 4305 731 4353 autem
753 4293 930 4362 Octobrem,
951 4290 1167 4362 Nouembrem,
1187 4290 1384 4350 Decembrem
1407 4291 1442 4348 L.
1465 4291 1522 4348 Ar·

195 4396 311 4456 runtius
334 4395 430 4456 Stella
456 4403 486 4454 et
507 4395 542 4454 L.
565 4396 663 4455 Iulius
686 4395 818 4453 Marinus
840 4391 991 4452 Caecilius
1014 4391 1150 4468 Simplex
1172 4391 1310 4450 consules
1330 4391 1466 4459 fuerunt,
1495 4389 1522 4448 si

195 4497 313 4573 quidem
339 4508 419 4557 recte
445 4497 516 4556 huic
542 4517 621 4556 anno
648 4496 787 4554 tribuitur
808 4493 909 4554 tabula
931 4485 1109 4569 patronatus
1131 4509 1149 4547 a
1169 4490 1411 4548 Ferentinatibus
1432 4489 1523 4547 Pom·

196 4598 285 4675 ponio
307 4599 405 4660 Basso
426 4600 529 4659 oblata
551 4598 619 4676 (Or.
636 4598 711 4668 7843
739 4596 775 4656 ef.
803 4595 969 4654 Mommsen
992 4593 1022 4650 iu
1044 4591 1177 4649 Hermae
1197 4591 1290 4648 vol.3
1314 4607 1342 4666 p.
1362 4587 1418 4647 123
1432 4587 1521 4664 seq).

197 4697 379 4760 Constdaria
398 4701 491 4776 igitur
511 4699 644 4758 nundina
658 4698 791 4756 Traiano
812 4697 978 4770 imperante
998 4691 1189 4750 inveniuntur
1209 4699 1239 4748 et
1259 4690 1412 4751 bimestris
1427 4699 1457 4748 et
1471 4691 1523 4748 tri·

196 4801 320 4860 mestria
345 4810 375 4859 et
400 4791 643 4878 quadrimestria,
672 4808 701 4858 et
728 4818 764 4856 ne
791 4799 847 4854 hoc
870 4796 990 4871 quidem
1013 4791 1130 4851 definiri
1152 4800 1265 4868 potest,
1294 4809 1440 4867 quaenam
1464 4789 1523 4848 sol·

195 4901 305 4960 lemnia
325 4902 446 4974 fuerint,
471 4921 540 4961 cum
560 4901 597 4960 de
619 4899 693 4960 solis
715 4899 804 4958 trium
826 4915 929 4957 eorum
951 4913 1107 4965 annorum,
1130 4892 1244 4952 scilicet
1267 4890 1335 4950 100.
1360 4890 1428 4949 101.
1454 4891 1523 4964 107,

196 5001 337 5062 nundinis
358 5005 432 5063 satis
454 5003 576 5079 liqueat.

278 5102 362 5162 Idem
382 5103 444 5163 lere
466 5104 656 5163 statuendum
673 5102 710 5161 de
725 5101 850 5180 imperio
864 5097 1021 5158 Hadriani.
1059 5094 1203 5169 Quicum
1218 5113 1297 5154 anno
1312 5094 1370 5154 118
1385 5111 1451 5153 cum
1467 5091 1522 5152 (ln.

197 5203 332 5264 Podanio
353 5205 454 5264 Fusco
477 5203 646 5266 Salinatore
670 5204 768 5262 fasces
789 5199 956 5260 ordinarios
979 5199 1174 5273 suscepisset,
1202 5197 1289 5256 etiam
1311 5194 1407 5274 pridie
1428 5211 1524 5254 notras
1558 5265 1564 5276 ·
