3742 5826
665 594 716 645 ns
735 595 881 649 rmvms
900 599 1057 653 srmc1s.
1453 593 1522 663 113

195 687 1522 722 --——-——-————---—...-..-„

194 761 348 820 honorarii
369 760 573 820 Romanorum
601 761 641 819 ad
667 762 803 822 homines
832 769 975 828 senatorii
1002 770 1116 831 ordinis
1143 783 1280 851 spectant
1305 778 1441 854 inprimis
1461 800 1525 857 eos,

192 863 244 938 qui
266 862 436 938 provincias
458 861 743 922 administraverint
788 862 903 925 Contra
923 886 1001 944 quae
1024 869 1138 932 Seneca
1158 893 1205 952 ap.
1222 876 1272 950 95,
1287 877 1327 935 42
1349 879 1386 939 de
1406 881 1443 942 P.
1463 883 1525 944 Oc·

192 961 275 1021 tario
297 971 413 1035 narrat,
435 963 473 1021 ab
496 981 531 1022 eo
553 964 697 1035 mullum,
719 983 808 1041 quem
830 966 973 1027 Tiberius
995 968 1110 1031 Caesar
1131 975 1162 1032 in
1183 977 1342 1038 macellum
1363 980 1473 1042 deferri
1495 994 1525 1044 et

193 1063 296 1122 venire
315 1063 472 1136 iussisset,
493 1065 606 1140 ingenti
628 1066 724 1141 pretio
746 1073 858 1126 emtum
880 1085 958 1142 esse,
980 1071 1069 1130 etiam
1092 1073 1131 1132 ad
1151 1076 1237 1136 illum
1258 1080 1441 1153 praelectum
1462 1085 1523 1144 Ae-

191 1163 276 1241 gypti
301 1164 406 1222 referri
433 1173 575 1241 possunt,
601 1168 779 1242 praesertim
805 1186 874 1226 cum
900 1170 1047 1231 eiusmodi
1073 1173 1196 1234 luxuria
1221 1177 1407 1254 frequentior
1432 1186 1522 1244 etiam

191 1263 221 1323 iu
247 1263 362 1324 ordine
378 1265 511 1341 equestri
537 1283 628 1343 quam
655 1268 685 1325 iu
712 1270 865 1328 senatorio
890 1270 986 1330 fuisse
1012 1273 1159 1334 videatur.
1201 1275 1279 1338 Cum
1301 1299 1372 1339 vero
1398 1291 1522 1361 uterque

192 1364 226 1424 P.
244 1364 390 1425 Octavius
410 1365 491 1426 idem
512 1384 580 1426 esse
601 1386 661 1426 uon
682 1371 789 1445 possit,
809 1370 885 1428 nihil
907 1372 1039 1449 impedit,
1061 1375 1220 1450 quominus
1236 1378 1321 1438 illum
1337 1385 1520 1456 praefectum

190 1465 280 1526 buius
300 1467 490 1543 proconsulis
507 1477 627 1543 patrem
649 1469 743 1528 luisse
763 1479 913 1548 putemus.
957 1472 1141 1549 Temporum
1161 1477 1293 1538 rationes
1314 1481 1383 1541 huic
1405 1487 1522 1544 coniec-

191 1575 275 1626 turae
301 1568 420 1639 lavent3
447 1577 604 1652 praeterea
628 1569 735 1629 titulus
761 1571 883 1630 Atticus
909 1573 1093 1634 demonstrat
1118 1575 1220 1636 Publii
1247 1578 1367 1640 Octavii
1394 1603 1520 1660 procon-

191 1666 268 1726 sulis
288 1675 403 1745 patrem
425 1669 495 1728 itam
518 1668 660 1730 Publium
680 1670 789 1745 luisse,
811 1672 896 1731 cuius
917 1674 961 1732 rei
983 1693 1019 1733 eo
1040 1675 1137 1737 maius
1158 1690 1338 1740 momentum
1360 1693 1416 1756 est,
1438 1687 1520 1761 quod

191 1765 249 1826 boc
278 1787 459 1845 praenomen
486 1778 642 1848 praeterea
667 1772 699 1829 in
728 1771 785 1831 bae
812 1781 902 1851 gente
930 1774 1050 1833 omnino
1078 1795 1140 1835 non
1167 1779 1325 1840 invenitur.
1380 1782 1520 1864 Denique

190 1869 279 1929 etiam
301 1870 384 1930 aliud
405 1870 444 1929 ad
464 1871 541 1930 banc
562 1871 762 1932 coniecturam
784 1873 1016 1934 confirmandam
1036 1875 1137 1936 valere
1157 1884 1246 1955 puto:
1269 1880 1384 1943 Omnes
1406 1886 1521 1946 scilicet

192 1969 326 2045 Octavii,
355 1974 407 2050 qui
427 1975 540 2035 liberae
561 1972 745 2049 reipublicae
766 1981 899 2051 tempore
920 1975 958 2032 sd
980 1975 1174 2053 magistratus
1196 1980 1325 2040 ardores
1346 2001 1518 2059 pervenere,

190 2089 230 2130 ex
251 2070 307 2132 Cu.
332 2073 451 2134 Octavii
473 2074 558 2146 Rufi,
579 2074 750 2150 quaestoris
771 2091 851 2133 anno
866 2072 927 2133 230
942 2095 969 2134 a.
986 2074 1069 2149 Chr,
1089 2080 1232 2153 progenie
1253 2088 1322 2141 sunt
1343 2082 1519 2158 (Drumann

190 2171 271 2233 Hist.
290 2174 378 2234 Rom.
396 2175 441 2234 lv
461 2193 492 2251 p.
507 2174 593 2250 tls).
636 2175 738 2250 Atque
764 2175 887 2234 maioris
913 2175 1032 2252 quidem
1052 2177 1124 2250 lilii,
1151 2175 1207 2238 On.
1230 2179 1350 2241 Octavii
1369 2188 1519 2259 praetoris

192 2271 252 2333 205
267 2295 294 2334 a.
310 2273 381 2335 Chr.
404 2277 533 2354 posteri,
555 2275 608 2352 qui
629 2274 668 2333 ud
689 2293 822 2335 summos
844 2276 876 2334 in
896 2275 1050 2353 republica
1070 2277 1200 2338 honores
1221 2292 1435 2359 pervenerunt,
1457 2304 1541 2362 cmg

189 2391 244 2434 nes
267 2384 320 2435 aut
344 2375 438 2436 Gnosi
458 2385 511 2436 aut
531 2375 631 2436 Marci
650 2394 833 2453 praenomen
854 2386 1025 2454 gesserunt,
1053 2385 1173 2454 praeter
1193 2398 1285 2441 unum
1305 2381 1428 2444 Lucium
1448 2405 1519 2446 con·

189 2475 288 2536 sulem
309 2477 347 2536 75
363 2497 390 2537 a.
407 2475 478 2537 Gbr.
521 2477 649 2536 Minoris
669 2477 725 2535 filii
747 2475 782 2537 G.
801 2477 920 2537 Octavii
940 2479 1099 2555 progenies
1121 2479 1152 2538 in
1173 2482 1277 2541 ordine
1298 2487 1432 2561 equestri
1452 2505 1521 2564 per·

190 2579 300 2636 mansit
319 2597 414 2657 usque
436 2577 475 2636 ad
490 2575 524 2638 O.
540 2575 701 2637 Octauium
719 2585 890 2655 praetorem
905 2578 943 2637 61
960 2597 988 2637 a.
1006 2577 1088 2652 Cbr,
1110 2581 1242 2658 Augusti
1256 2593 1388 2660 patrem3
1410 2587 1520 2663 quibus

191 2678 331 2738 omuibus
357 2697 541 2755 praenomen
565 2678 658 2738 Gaius
686 2695 842 2738 commune
869 2687 924 2738 est.
966 2680 1073 2757 ltaque
1095 2681 1126 2739 in
1146 2681 1203 2740 hac
1224 2685 1347 2760 antiqua
1366 2687 1521 2764 nobilique

189 2779 288 2854 gentis
310 2780 456 2840 Octaviae
483 2781 578 2856 stirpe
603 2779 720 2838 nullum
745 2779 803 2839 fuit
827 2798 1010 2857 praenomen
1039 2781 1097 2840 nisi
1121 2780 1237 2842 Gnaeus
1259 2784 1398 2862 (sexies),
1427 2787 1520 2850 Gaias

190 2877 339 2956 (quater),
361 2879 483 2940 Morcus
505 2879 578 2957 (ter)
600 2888 631 2939 et
652 2879 746 2940 semel
767 2878 888 2940 Lucius.
930 2879 1046 2942 Contra
1067 2883 1154 2958 pauci
1175 2882 1220 2943 illi
1242 2884 1373 2959 Octavii,
1394 2888 1445 2963 qui
1466 2889 1520 2948 im·

190 2989 360 3057 paratorum
386 2989 484 3040 aetate
511 2981 642 3040 bonores
668 2980 769 3059 adepti
797 2990 885 3054 sunt,
917 2981 978 3040 alia
1005 2983 1201 3058 praenomina
1227 2985 1347 3045 habeut.
1395 2987 1521 3048 Praeter

190 3081 323 3140 dela'am
355 3089 515 3159 utrumque
543 3083 591 3141 hic
617 3081 648 3141 iu
678 3098 800 3141 censum
827 3082 910 3141 venit
938 3081 1063 3152 Quintus
1092 3083 1237 3144 Octavius
1267 3083 1385 3166 Sagitta
1412 3097 1449 3148 tr.
1476 3090 1520 3167 pl.

192 3181 231 3242 58
250 3200 280 3258 p.
296 3180 383 3255 chr.;
409 3201 498 3259 quem
520 3181 645 3242 Tacitus
670 3181 791 3258 quidem
814 3181 907 3258 (Ann.
927 3182 1015 3254 Xlll,
1031 3184 1081 3242 44.
1103 3183 1183 3242 Hist.
1198 3185 1255 3258 IV,
1271 3187 1325 3264 44)
1347 3189 1414 3248 sine
1434 3207 1521 3266 praa-

189 3283 310 3342 nomine
331 3285 475 3357 nominat,
495 3283 570 3344 illud
591 3290 692 3343 antem
713 3300 894 3358 praenomen
915 3291 962 3341 est
976 3284 1006 3342 iu
1021 3282 1108 3343 titulo
1129 3282 1269 3360 (Henzen
1284 3286 1410 3365 tltta),
1431 3306 1520 3366 quem

190 3381 393 3463 Nipperdeius
416 3385 454 3443 ad
476 3404 544 3444 eum
564 3385 663 3444 locum
685 3379 824 3459 suasu).
862 3380 1039 3444 Ceterorum
1054 3383 1248 3444 Octaviorum
1271 3387 1323 3461 qui
1344 3387 1401 3446 bac
1422 3395 1520 3448 aetate

190 3484 310 3545 inerunt
330 3485 473 3546 senatorii
494 3485 619 3557 ordinis,
639 3484 836 3561 praenomina
857 3491 929 3542 nota
946 3502 1007 3543 uon
1022 3482 1131 3561 suutl)
1153 3482 1306 3560 (Octauiae
1320 3487 1431 3546 Fronto
1446 3488 1519 3546 Tac.

191 3585 317 3659 anull,
333 3587 383 3646 33.
409 3585 545 3646 Octauius
566 3585 670 3644 Auitus
691 3585 772 3644 Plin.
794 3584 882 3662 epist
899 3584 928 3656 9,
944 3584 994 3656 33,
1010 3584 1054 3660 9).
1098 3583 1184 3658 Quae
1204 3602 1270 3644 cum
1292 3587 1335 3645 itu
1355 3586 1427 3659 siut,
1448 3606 1520 3647 num

191 3687 280 3746 nimis
301 3687 403 3746 audax
425 3689 497 3758 sim,
523 3687 549 3746 si
571 3685 640 3746 inde
661 3686 801 3764 colligam
822 3685 975 3762 antiquam
997 3684 1080 3744 illam
1101 3695 1190 3761 atque
1212 3685 1342 3747 nobilem
1364 3687 1520 3760 familiam,

192 3805 269 3864 quae
294 3787 407 3847 liberae
431 3787 614 3867 reipublicae
643 3797 776 3866 tempore
802 3787 918 3859 floruit,
945 3804 1071 3864 prorsus
1100 3787 1279 3846 exstinctam
1306 3806 1389 3860 esse,
1417 3788 1460 3846 ita
1487 3797 1521 3846 ut

191 3895 310 3966 praeter
337 3887 372 3947 C.
395 3889 555 3949 Octavium
581 3888 635 3965 qui
660 3887 822 3967 adoptione
847 3887 878 3946 in
905 3897 1024 3966 gentem
1049 3887 1158 3946 lulium
1183 3889 1304 3948 transiit
1330 3891 1520 3969 Augustique

190 3995 296 4065 postea
320 4007 429 4049 nomen
454 3989 580 4069 adeptus
609 3998 669 4060 est,
695 3989 818 4048 ultimus
841 3987 929 4048 buius
951 3988 1055 4064 stirpis
1075 3988 1167 4048 fuerit
1186 3989 1228 4048 M.
1252 3988 1398 4050 Octavius
1420 3989 1476 4051 Cu.
1497 3991 1518 4050 f.

191 4089 233 4148 bl.
255 4109 301 4161 n.,
326 4089 392 4150 aed.
414 4108 475 4150 cur.
503 4107 582 4149 anno
601 4089 642 4149 50
661 4107 688 4147 a.
705 4088 792 4162 Cha,
818 4090 870 4165 qui
894 4107 975 4148 auno
996 4089 1033 4148 31
1054 4107 1081 4147 a.
1098 4087 1169 4149 Chr.
1198 4091 1279 4167 apud
1300 4091 1421 4152 Actium
1441 4093 1520 4170 parti

191 4191 300 4250 classis
321 4191 447 4250 Antonii
473 4190 604 4269 praefuit
630 4189 806 4266 (Drumunn
827 4189 847 4247 l.
867 4190 888 4248 1.
910 4209 940 4267 p.
957 4188 1040 4266 226).
1084 4189 1147 4250 Eos
1172 4190 1263 4268 igitur
1283 4189 1441 4265 Octavios,
1467 4192 1520 4268 qui

190 4292 403 4369 imperatorur
430 4299 527 4352 aetate
552 4292 684 4350 honores
710 4290 810 4368 adepti
832 4297 915 4362 sunt,
942 4297 1004 4349 tum
1026 4291 1145 4350 demum
1167 4310 1206 4350 ex
1226 4291 1419 4352 inferioribus
1440 4293 1520 4350 ordi·

191 4393 281 4452 nibus
301 4393 333 4452 in
355 4394 539 4452 senatorium
559 4392 694 4452 ordinem
715 4391 887 4451 escendisse
910 4398 1140 4451 consentaneum
1162 4397 1218 4450 est.
1255 4390 1322 4467 Quo
1344 4393 1442 4450 minus
1464 4392 1519 4450 mi·
1620 4405 1624 4414 ·

192 4511 258 4553 rum
280 4501 339 4564 est,
368 4493 404 4552 P.
427 4490 588 4554 Octavium
609 4492 819 4574 proconsulem
840 4492 948 4568 equitis
970 4491 1099 4550 Romani
1121 4491 1213 4550 lilium
1236 4508 1320 4564 esse,
1342 4490 1518 4568 praesertim

271 4755 294 4818 ¹)
322 4755 428 4808 Certum
446 4772 509 4809 saue
528 4773 581 4809 non
598 4766 646 4820 est,
666 4765 749 4808 utrum
762 4757 807 4808 ille
820 4756 941 4809 Octavius
954 4735 1065 4820 Sagitta,
1083 4755 1127 4820 qui
1140 4755 1167 4803 in
1179 4753 1253 4804 titulo
1266 4760 1313 4814 est,
1332 4753 1402 4803 idem
1415 4753 1449 4802 sit
1461 4767 1518 4803 eum

195 4848 399 4913 tribunoplebis
418 4863 465 4900 uec
484 4865 525 4900 us.
558 4849 611 4902 Sed
630 4856 728 4900 utnon
748 4849 877 4909 nitidem,
898 4853 984 4897 umen
1003 4849 1030 4897 in
1048 4861 1080 4896 ea
1097 4845 1197 4896 familia
1208 4846 1292 4909 gentis
1304 4843 1436 4904 Octaviae,
1456 4845 1542 4908 quas*

195 4940 310 5005 Sagittae
329 4954 472 5004 cognomen
489 4941 603 5006 gerebat,
623 4940 687 4990 illud
705 4953 871 5005 praenomen,
892 4952 907 4988 a
926 4939 1052 4989 vemnbus
1065 4937 1179 4989 Octaviis
1196 4935 1318 4996 alienum,
1337 4933 1417 4985 fuisse
1435 4948 1468 4984 ex
1488 4948 1520 4984 eo

195 5030 271 5080 titulo
288 5038 409 5096 apparet;
429 5032 499 5097 quod
517 5030 613 5082 sufficit
631 5031 667 5081 ad
684 5031 711 5080 id
730 5031 799 5096 quod
819 5031 878 5081 volo
896 5030 1066 5095 probandum.

272 5118 297 5182 ²)
323 5122 356 5172 lu
375 5121 524 5174 bominibus
541 5122 693 5173 interiorum
712 5122 833 5172 ordinum
851 5122 929 5173 etium
948 5122 998 5173 alis
1011 5119 1179 5186 praenomina
1190 5117 1362 5178 inveniuntur,
1381 5116 1451 5167 velut
1462 5111 1520 5166 Μα-

194 5212 254 5263 m'us
271 5219 298 5264 et
316 5209 435 5266 Dedmua
453 5213 500 5277 (ll,
519 5213 574 5266 ind.
593 5229 614 5265 s.
634 5229 658 5264 v.
678 5211 818 5273 Octavius).

1276 5295 1296 5353 8
