3712 5838
986 854 1014 912 2.

421 979 601 1057 Fragmenta
622 975 733 1036 6116666
755 975 793 1034 66
813 981 931 1051 portam
952 974 1023 1034 circi
1039 972 1185 1032 Maxentii
1201 972 1240 1029 ad
1255 972 1333 1030 viam
1348 971 1490 1047 Appiam,
1512 971 1565 1032 ubi
1578 990 1663 1031 muro

337 1085 451 1141 inserta
471 1079 568 1138 adbuc
590 1088 756 1136 servantur.
792 1076 949 1135 Pertinent
969 1074 1007 1134 66
1028 1074 1239 1150 inscriptiones
1261 1071 1337 1131 6666
1354 1072 1523 1149 apartibus
1537 1081 1664 1132 externa

335 1195 365 1241 et
389 1183 505 1241 interna
525 1187 629 1258 portae
651 1177 722 1236 olim
743 1175 853 1238 affixas
874 1175 917 1234 ita
938 1175 1102 1244 6111666166,
1124 1182 1157 1233 ut
1179 1193 1268 1232 unam
1291 1181 1406 1232 tantum
1424 1171 1561 1250 Nibbyus
1584 1193 1663 1232 conr-

335 1303 445 1362 ponere
467 1281 602 1360 potuerit.

818 1392 893 1436 nivo
910 1392 1043 1436 aomvto
1059 1393 1130 1434 rom
1145 1393 1181 1432 ·v

859 1493 919 1538 cos
931 1508 939 1525 ·
950 1493 1016 1537 666.
1030 1495 1047 1534 u
1061 1492 1139 1536 ntro

816 1599 836 1638 6
848 1596 898 1636 os·
908 1594 1060 1650 maxerata
1068 1593 1180 1636 mvren-

814 1709 842 1739 ac
866 1703 950 1750 66661.
966 1695 1040 1738 -AVG
1068 1693 1184 1738 Neron

750 1803 761 1840 a
815 1799 869 1840 666
894 1797 1052 1840 mmmmm
1073 1811 1079 1824 ·
1101 1796 1181 1838 ssu·

815 1899 844 1940 οἳ
872 1913 879 1927 ·
906 1899 966 1940 utvt
997 1899 1128 1940 maximiani
1159 1898 1183 1938 ta

816 1999 909 2043 ntoats
931 2013 937 2028 ·
960 1999 1042 2042 AC...

336 2203 391 2262 116.
416 2199 518 2275 Nibby
544 2197 592 2255 del
618 2201 690 2254 circo
717 2196 906 2270 colpumantc
930 2189 1457 2250 66116610666661161166661825
1483 2191 1548 2266 6.9
1576 2191 1661 2266 (1666

337 2300 504 2362 Kuastllutt
524 2291 890 2372 66661666616161161826
913 2313 942 2352 n.
959 2291 998 2350 69
1021 2311 1058 2352 cx
1082 2309 1177 2369 eoque
1199 2289 1292 2351 Orelli
1310 2290 1404 2366 1069)
1426 2300 1457 2350 61
1477 2291 1559 2351 val
1582 2293 1661 2369 prio·

336 2422 385 2463 666
411 2398 594 2478 Borghesius
623 2398 778 2472 Antolopr'a
804 2395 927 2454 italiana
951 2392 1030 2452 teto
1058 2391 1134 2451 118
1159 2411 1189 2469 6.
1207 2393 1256 2452 94.
1305 2392 1477 2471 Descripsit
1501 2393 1660 2466 66116661,

336 2502 543 2580 66616111666.
1506 2489 1511 2496 ’

378 2603 497 2666 Titulus
530 2607 646 2678 spectat
676 2598 714 2657 66
745 2597 785 2656 M.
811 2597 967 2656 Valerium
996 2596 1157 2655 Romulum
1190 2594 1284 2655 611616
1311 2595 1473 2668 Maxentii,
1504 2614 1565 2654 666.
1597 2597 1660 2653 666.

336 2685 404 2766 eum
428 2714 512 2781 patre
540 2697 707 2759 66616308
730 2697 855 2770 61309,
888 2717 907 2756 6
932 2715 992 2773 quo
1019 2696 1150 2754 dedicati
1177 2696 1332 2755 Maxentio
1362 2697 1439 2773 patri
1468 2703 1499 2756 et
1521 2695 1660 2755 Valeriae

335 2803 520 2866 Maximillae
548 2801 634 2859 matri
660 2805 765 2858 extant
789 2798 868 2856 111611
894 2796 945 2855 6111
971 2797 1030 2854 666
1057 2796 1199 2872 (1166666
1221 2796 1311 2857 5570.
1334 2798 1439 2873 5571).
1483 2796 1661 2856 Decessisse

335 2907 452 2965 videtur
476 2903 508 2960 16
529 2901 595 2978 1666
618 2899 777 2958 consulatu
798 2899 893 2957 altero
916 2897 1164 2974 (Εο116618,59;
1191 2897 1340 2975 Borghesi
1361 2899 1464 2976 6668
1487 2917 1516 2975 p.
1535 2898 1607 2974 155)
1631 2909 1661 2958 61

336 3028 355 3067 6
374 3013 459 3082 66166
480 3003 568 3061 divus
591 3001 761 3079 appellatus
784 3018 818 3057 ac
838 2999 951 3076 templo
967 2991 1194 3058 666666166661
1214 2999 1342 3074 (Eckbel
1357 2999 1377 3058 1.
1393 3017 1433 3070 c.;
1456 2999 1493 3058 61.
1516 3001 1553 3058 66
1567 2999 1661 3058 Rossi

337 3106 418 3166 Ball.
440 3108 517 3163 erist.
540 3105 559 3162 5
585 3121 615 3179 p.
632 3101 670 3160 66
682 3100 796 3177 seqq.):
824 3100 902 3160 6666
927 3099 1049 3159 litterae
1071 3100 1237 3179 singulares
1262 3119 1339 3176 qnae
1365 3108 1434 3159 aunt
1460 3101 1491 3159 in
1516 3099 1575 3158 1166
1596 3119 1624 3157 v.
1643 3102 1657 3156 1

333 3207 522 3286 explicantur
543 3204 599 3263 sie:
626 3219 782 3262 mortuoram
799 3217 1054 3262 6666161166-
1080 3200 1294 3279 Fragmentum
1315 3201 1347 3260 16
1368 3201 1448 3278 quod
1469 3218 1525 3260 nos
1545 3201 1659 3259 rettuli·

334 3326 402 3368 mus
423 3307 461 3365 66
482 3325 510 3364 v.
528 3307 545 3365 5
560 3306 611 3377 in.,
634 3304 719 3375 liin,
742 3303 759 3361 7
774 3303 889 3379 priores
911 3303 989 3362 male
1010 3303 1188 3362 rettulerunt
1206 3303 1243 3361 66
1266 3322 1294 3360 v.
1311 3303 1339 3361 4.
1356 3303 1384 3361 5.
1401 3304 1430 3374 6,
1452 3301 1613 3362 6111116666
1627 3319 1658 3360 vr

335 3417 404 3472 ante
425 3423 498 3478 svo,
521 3422 631 3464 r·n1vr
652 3411 720 3464 ante
740 3421 815 3463 axum
837 3404 1068 3476 collocarentur;
1094 3422 1155 3481 quo
1176 3403 1309 3462 admisso
1331 3403 1502 3462 1616166116
1523 3421 1658 3480 pessum-

335 3511 405 3569 data
431 3517 491 3579 est,
518 3526 584 3566 cum
606 3508 666 3566 iam
687 3505 786 3564 omnia
807 3506 899 3582 plana
920 3505 1030 3564 616161
1050 3504 1138 3564 facile
1158 3505 1378 3581 intellegantur.
1422 3505 1595 3562 Maxentius
1616 3509 1660 3562 in·

334 3616 423 3672 616166
446 3617 471 3667 61
489 3619 641 3685 perpaucas
657 3605 804 3682 Angustus
826 3606 936 3665 dicitur
956 3605 1028 3664 item
1049 3606 1080 3664 in
1102 3605 1189 3664 titulo
1205 3603 1258 3665 Or.
1276 3605 1354 3664 1077
1361 3627 1370 3678 3
1393 3603 1542 3664 Romulus
1559 3615 1660 3664 antem

334 3728 428 3787 66666
449 3709 585 3768 1611666
607 3706 705 3767 solum
726 3704 901 3765 Maximiani
922 3707 1049 3765 senioris
1072 3705 1343 3783 661616116666111,
1365 3707 1419 3766 sed
1439 3703 1659 3765 etiam-Galerii

334 3809 511 3872 Maximiani
531 3808 655 3866 iunioris
676 3807 770 3883 patris
792 3805 978 3866 Maximillae
1000 3807 1115 3879 matris,
1136 3807 1187 3883 qui
1208 3807 1240 3866 in
1259 3804 1386 3868 nummis
1406 3825 1494 3868 socer
1512 3806 1658 3866 Maxentii

335 3913 444 3970 dicitur
464 3918 495 3970 et
515 3909 600 3968 divus
623 3905 785 3984 (Eckhelss
808 3925 837 3983 6.
854 3905 918 3980 38).

982 4377 1010 4434 3.

417 4493 536 4556 Tabula
562 4511 655 4554 aenea
680 4493 776 4554 tribus
803 4493 932 4572 fastigiis
958 4505 1078 4564 ornata,
1108 4493 1275 4571 inquibus
1303 4495 1372 4556 binc
1401 4497 1550 4574 secespita
1575 4495 1658 4559 illinc

334 4607 447 4675 patera,
468 4597 546 4655 inter
567 4613 618 4654 eas
640 4602 775 4671 protome
796 4595 844 4654 661
866 4593 947 4656 Solis
969 4595 1064 4656 radiis
1086 4603 1229 4654 coronata
1247 4596 1382 4673 66616166
1403 4607 1481 4656 sunt.
1516 4596 1552 4655 In
1571 4607 1659 4674 66616

333 4697 452 4776 6661166
472 4697 561 4754 habet
581 4694 769 4754 manubrium
789 4696 910 4755 mobile.
951 4695 1110 4774 Inscriptio
1131 4704 1257 4756 exarata
1278 4706 1325 4756 est
1344 4697 1452 4756 littaris
1472 4697 1547 4757 satis
1569 4697 1657 4758 bonis

333 4817 428 4874 neque
456 4806 555 4862 tamen
582 4796 641 4854 alte
667 4796 771 4856 incisis
796 4795 911 4858 saeculi
936 4796 1000 4856 fere
1028 4796 1150 4858 secundi
1175 4781 1314 4856 exeuntis
1337 4797 1385 4856 vel
1409 4797 1540 4858 ineuntis
1567 4795 1655 4855 tertii.

332 4896 453 4957 Tabula
476 4914 657 4973 quamquam
682 4895 800 4954 Romae
825 4907 944 4973 reperta
969 4912 1037 4956 esse
1062 4897 1180 4970 dicitnr,
1206 4905 1320 4970 tamen,
1347 4915 1416 4956 cum
1440 4897 1595 4973 inscriptio
1617 4895 1657 4956 ad

333 4995 451 5056 Ostiam
471 4995 620 5074 pertinere
641 4995 786 5068 videatur,
807 4997 910 5055 nescio
932 5015 970 5054 an
991 4994 1095 5056 Ostiae
1116 4997 1216 5072 661166
1238 4995 1351 5058 effossa
1370 4997 1401 5056 in
1422 4999 1585 5074 urbemque
1605 4995 1657 5054 ‹le-

330 5095 394 5155 lata
414 5097 464 5155 sit.
500 5093 683 5158 servabatur
703 5094 818 5154 Romae
839 5097 920 5171 apud
940 5097 1146 5158 Alexandrum
1166 5095 1394 5170 Castellanium,
1415 5115 1434 5156 a
1455 5115 1515 5174 quo
1536 5097 1566 5156 in
1588 5094 1657 5156 Bri·

332 5195 464 5256 tanniam
484 5195 585 5256 661616
605 5195 636 5255 16
657 5213 793 5258 museum
815 5195 1019 5259 Britannicum
1039 5198 1103 5257 lieri
1124 5205 1226 5278 potest
1246 5205 1279 5260 ut
1298 5199 1359 5260 iam
1381 5198 1543 5259 transierit.
