3736 5822
579 561 881 618 onsnnvaurouus
899 565 1018 618 urica.
1037 561 1091 622 ru.
1458 554 1477 624 7
1483 555 1504 626 5

279 735 379 786 Romae
398 734 425 784 in
444 735 521 784 vinea
539 737 672 800 quondam
691 737 762 787 card.
783 737 859 803 Carp.
880 739 909 788 in
929 756 1057 791 marmore
1076 743 1177 806 grandi.

324 827 390 891 lmp.
409 824 483 876 Caes.
503 826 556 875 divi
575 827 703 878 Hadriani
721 829 773 890 ul,
793 829 846 879 dlvi
866 831 975 882 Traiani
994 833 1084 883 Parth.
1105 848 1173 898 nep,
1194 835 1248 884 divi
1266 835 1368 886 Nervae
1386 853 1504 904 pronep,

324 917 366 967 Ti.
391 917 471 966 Aelio
496 917 630 968 Hadriano
651 919 785 970 Antonino
805 921 874 984 Aug.
894 921 942 972 Pio
962 931 1034 986 pout.
1058 938 1127 974 max.
1154 925 1212 974 trib.
1237 933 1290 990 pot.
1310 928 1367 977 1111
1391 943 1443 978 cor.
1463 931 1506 982 111

324 1023 351 1072 p.
370 1024 396 1073 p.
421 1008 455 1058 ob
473 1009 560 1072 ampla
580 1009 704 1059 beneficia
722 1011 755 1061 ab
774 1011 873 1076 optimo
892 1014 1033 1080 maximoq.
1053 1015 1168 1081 principe
1187 1017 1215 1066 iu
1233 1033 1261 1066 ne
1281 1019 1386 1068 conlata
1404 1021 1505 1070 colonia

324 1099 404 1148 Aelia
422 1099 522 1149 Hadria
542 1135 637 1150 ......
647 1117 682 1150 uo

280 1188 355 1240 Grut.
372 1191 451 1252 1022,
467 1191 482 1240 3
500 1180 555 1255 ‘per
574 1190 773 1242 Gutenstenium
791 1191 899 1244 Fulvius
918 1187 1045 1246 Ursinus'.

280 1385 379 1437 Romae
398 1387 426 1436 in
445 1385 552 1437 aedibus
571 1385 649 1438 Marii
668 1389 779 1439 Mellini.

324 1477 377 1527 Pro
396 1477 478 1528 salute
490 1479 572 1528 Iuliae
584 1479 714 1530 Veneriae
732 1481 801 1530 filiae
819 1480 981 1531 dulcissimae
1000 1481 1107 1534 deliciae
1127 1501 1188 1536 aune
1209 1487 1330 1538 tabellam
1350 1489 1417 1540 hanc
1436 1507 1503 1541 mar·

323 1555 389 1618 mor.¹
408 1585 465 1618 curu
484 1569 558 1633 signo
572 1571 710 1636 Aesculapi
730 1573 757 1621 iu
771 1587 862 1622 aomuo
875 1574 1021 1624 admonitus
1033 1575 1064 1625 L.
1078 1577 1199 1627 Valerius
1213 1579 1307 1644 Capito
1322 1582 1378 1632 aed.
1393 1596 1471 1633 ann..
1480 1619 1503 1634 ..

325 1661 834 1724 .ffl„mdcptmddd

281 1748 355 1801 Grut
371 1753 451 1801 1014.
466 1751 482 1802 5
500 1743 692 1804 ‘Guteustenius
711 1768 743 1804 ex
762 1747 924 1805 Ursiniauia'.

173 1872 1501 1900 ———-—-———-——·-—-—-—-—---.—.

281 1948 380 2000 Romae
399 1950 425 1998 in
444 1949 551 2001 aedibus
571 1949 689 2000 Caesaris
708 1952 847 2002 Albertinl.

324 2040 429 2090 Herculi
453 2041 566 2105 pacifero
591 2049 617 2091 et
638 2042 722 2092 Musis
740 2043 771 2093 L.
790 2043 853 2094 Feb.
868 2044 1021 2094 Valerianus
1046 2059 1084 2108 pr.
1110 2060 1149 2110 pr.
1173 2063 1246 2110 prov.
1270 2047 1406 2112 Gala...,
1431 2067 1501 2116 proc.

324 2147 397 2195 prov.
416 2131 537 2182 Ain...
558 2133 648 2183 vis...
667 2134 814 2184 admonitus
915 2135 1017 2186 rediens
1037 2151 1062 2186 v.
1082 2151 1102 2186 s.
1123 2137 1148 2187 d.
1168 2153 1189 2187 a.
1209 2139 1226 2188 l.
1246 2154 1281 2188 m.
1496 2133 1499 2140 ¹

282 2221 356 2272 Grut.
372 2223 452 2285 1013,
466 2225 484 2274 4
501 2214 694 2275 ‘Gutensteuius
714 2240 747 2274 ax
766 2216 928 2276 Ursinianis'.

256 2493 408 2555 Summam
435 2496 645 2572 disputationis
672 2505 705 2556 ut
730 2498 834 2573 paucis
857 2499 956 2558 verbis
983 2501 1174 2576 complentur,
1202 2522 1268 2561 cum
1291 2503 1402 2562 dudum
1424 2506 1503 2566 dilii-

174 2596 242 2654 dere
263 2597 454 2656 didicerimus
476 2598 513 2656 iis
535 2616 614 2673 quae
628 2599 708 2674 apud
724 2597 887 2658 Gruterum
902 2601 1042 2678 leguntur
1057 2603 1228 2662 auctoribus
1244 2603 1373 2664 laudatis
1389 2604 1503 2667 Guten·

174 2697 270 2754 stenio
292 2698 413 2757 Metello
435 2697 565 2771 Ursino,
594 2700 654 2758 iam
682 2701 881 2758 stabilivimus
906 2721 924 2758 a
947 2700 1146 2761 Gutenstenio
1167 2705 1235 2762 visa
1262 2723 1339 2780 quac
1366 2705 1505 2767 dicuntur

174 2806 236 2855 tum
262 2798 430 2857 damnanda
456 2817 539 2870 esse,
569 2819 635 2858 cum
663 2799 805 2878 descripti
834 2819 900 2860 esse
929 2803 1067 2861 dicuntur
1094 2823 1133 2862 cx
1160 2804 1311 2880 lapidibus
1339 2807 1377 2864 ad
1399 2826 1504 2868 secan·

174 2898 242 2958 dum
269 2899 440 2972 destinatia3
467 2900 640 2960 Metelliana
665 2903 813 2979 exigenda
838 2920 906 2960 esse
932 2903 971 2960 ad
993 2904 1119 2962 schedas
1146 2905 1259 2964 Metelli
1281 2907 1377 2966 adbuc
1400 2927 1503 2984 super-

174 3000 258 3059 stites
287 3009 318 3058 et
342 3002 486 3078 quidquid
513 3003 557 3060 ibi
584 3001 672 3059 aliter
701 3012 749 3061 est
774 3003 822 3062 vel
852 3004 890 3062 ab
919 3005 956 3062 iis
984 3007 1084 3077 abest,
1113 3006 1315 3079 abiciendum
1341 3007 1505 3070 Ursiniaua

159 3100 302 3178 'denique
328 3123 382 3179 per
404 3101 634 3162 Gutensteuium
660 3101 790 3162 Grutero
813 3105 905 3162 missa
926 3113 1067 3182 suspecta
1087 3125 1155 3165 esse
1177 3109 1278 3165 omnia
1298 3117 1328 3167 et
1349 3109 1504 3170 adsertore

173 3201 281 3260 idoneo
302 3203 455 3264 deficiente
478 3223 516 3262 ex
538 3203 690 3262 titulorum
712 3206 906 3280 probatorum
928 3225 1051 3265 numero
1072 3207 1240 3265 eximenda.
1277 3210 1359 3268 Idem
1376 3211 1505 3285 pertinet

173 3304 262 3362 etiam
284 3303 322 3360 ad
344 3323 478 3380 eaquae
500 3313 708 3380 proponuntur
731 3307 810 3382 apud
833 3304 993 3364 Gruterum
1017 3307 1073 3365 sub
1094 3307 1188 3365 altero
1211 3317 1279 3366 utro
1301 3311 1365 3368 sive
1388 3309 1504 3370 Guten·

175 3404 262 3462 atenii
283 3405 346 3462 sive
368 3405 472 3463 Ursini
493 3406 626 3476 nomine;
650 3425 717 3463 nam
740 3406 816 3464 haec
837 3424 956 3481 quoque
977 3426 1016 3464 ex
1038 3407 1126 3464 trium
1149 3407 1268 3465 illorum
1291 3411 1428 3468 ordinum
1450 3413 1504 3470 ali·

174 3523 231 3580 quo
258 3513 311 3562 aut
332 3514 401 3565 sunt
420 3513 472 3564 aut
492 3524 559 3565 esse
580 3515 716 3583 possunt.
760 3506 935 3582 Proprietas
957 3497 1084 3582 denique
1104 3507 1218 3565 fraudis
1240 3508 1330 3566 huius
1352 3527 1392 3566 cx
1413 3527 1505 3586 supra

173 3605 273 3664 allatis
293 3607 440 3684 exemplis
461 3606 550 3668 facile
571 3606 819 3682 deprehendenda
840 3627 877 3666 ea
897 3613 957 3679 est,
984 3616 1017 3665 ut
1038 3627 1097 3665 non
1119 3626 1187 3665 raro
1210 3608 1330 3683 ipsese
1351 3620 1502 3687 coarguat.

175 3705 339 3782 interpolat
361 3705 578 3767 Gutensteuius
601 3709 724 3785 passim,
746 3710 842 3768 rarius
864 3707 1014 3784 confingit.
1057 3707 1169 3766 Titulis
1192 3709 1330 3784 genuinis
1352 3727 1412 3768 uon
1433 3729 1503 3768 raro

174 3807 258 3866 addit
282 3807 363 3866 levia
388 3816 418 3867 ct
443 3829 497 3886 per
521 3828 555 3868 se
577 3809 758 3880 tolerabilia,
785 3819 818 3868 ut
839 3809 953 3868 dierum
975 3828 1132 3868 numerum
1154 3810 1192 3867 ad
1214 3828 1333 3870 menses
1355 3818 1385 3870 et
1407 3830 1502 3872 annos

174 3908 356 3968 formulasre
377 3910 540 3969 sollemnes
562 3909 771 3982 dedicatorias,
790 3911 839 3968 vel
860 3911 998 3973 immutat
1018 3910 1128 3968 tradita
1149 3911 1295 3983 similiter,
1317 3923 1351 3970 ut
1370 3912 1402 3971 in
1418 3911 1504 3974 Salo·

175 4009 278 4068 uitano
306 4027 361 4086 pro
385 4011 433 4069 die
459 4012 509 4070 III
533 4011 575 4070 id.
598 4011 669 4070 Mai.
696 4011 801 4068 maluit
827 4011 956 4070 scribere
978 4010 1022 4067 v1
1048 4011 1088 4069 id.
1111 4011 1201 4070 Febr.
1228 4019 1258 4071 ct
1284 4013 1328 4071 sio
1353 4013 1502 4091 deinceps.

175 4109 319 4170 Omnium
339 4113 469 4170 maxime
491 4123 589 4172 autem
610 4113 775 4172 delectatur
796 4111 953 4188 pingendis
975 4113 1107 4171 hiatibus
1129 4113 1219 4172 modo
1241 4121 1353 4173 temere
1372 4125 1402 4174 ct
1416 4116 1505 4191 quasi

174 4211 338 4270 ludibunde
364 4213 520 4286 admissis,
550 4213 639 4272 modo
668 4213 774 4272 callide
803 4212 842 4271 ad
868 4213 1114 4289 interpolationes
1143 4204 1288 4291 tegendas
1316 4216 1503 4294 excogitatis.

175 4311 331 4372 Hactenus
358 4315 438 4391 sapit
459 4332 552 4391 supra
572 4313 741 4392 Ligorium,
769 4324 803 4373 ut
823 4313 925 4373 Latini
948 4315 1095 4372 sermonis
1117 4314 1247 4391 aliquem
1270 4334 1356 4374 usum
1377 4335 1449 4393 prae
1472 4334 1505 4374 se

176 4413 252 4473 ierat
282 4421 313 4471 et
336 4411 520 4474 Diocletiani
546 4414 780 4490 Maximianique
810 4416 1005 4492 praenomina
1036 4425 1116 4473 recte
1148 4416 1318 4474 adscribere
1352 4415 1503 4486 didicerit;

177 4523 332 4590 praeterea
358 4516 407 4573 hic
432 4534 553 4592 quoque
579 4516 651 4574 artis
676 4526 796 4575 nostrae
818 4515 922 4576 Bonus
944 4513 1079 4572 Eventus
1101 4513 1188 4586 lecit,
1216 4523 1249 4572 ut
1269 4513 1393 4574 fraudes
1413 4515 1504 4572 comi·

178 4619 313 4674 hrentur
336 4615 455 4676 inscitia
479 4624 510 4675 et
529 4617 665 4677 infantia.
707 4619 735 4676 A
755 4617 927 4693 Ligorianis
949 4623 1048 4674 autem
1073 4611 1315 4674 Gutensteniana
1336 4614 1389 4690 qui
1409 4621 1504 4688 artem

180 4717 266 4776 callet
295 4735 356 4776 nou
389 4717 487 4777 minus
514 4727 596 4777 cerlo
623 4737 679 4778 nec
707 4717 858 4778 difficilius
887 4717 1040 4794 separabit
1066 4733 1157 4790 quam
1172 4715 1237 4792 'qui
1262 4714 1360 4792 poetis
1386 4713 1505 4774 Latinis

180 4835 297 4894 operam
320 4817 467 4880 dederuut
487 4795 663 4896 Vergiiiana
682 4819 721 4878 ab
744 4818 902 4878 Ovidianis
925 4817 1118 4896 distinguunt.
