3742 5826
347 579 417 650 188
934 553 1080 639 ηηηηηη
1123 609 1125 612 -

344 773 381 830 6ο
407 771 613 846 Augustorum
639 761 818 821 necessariis
847 759 949 818 eadem
977 758 1029 818 lex
1055 758 1191 816 videatur
1218 756 1377 816 observata
1403 773 1479 815 esse.
1523 754 1670 830 Quamvis

345 879 443 930 autem
469 886 506 926 ex
533 864 657 924 arbitrio
683 862 850 939 principum
877 860 958 918 haud
984 879 1052 918 raro
1078 868 1141 917 tum
1167 856 1342 916 consulatus
1368 858 1531 934 dispositos
1552 875 1619 917 csse
1641 865 1672 917 et

344 973 415 1031 fasti
438 968 596 1026 ostendant
617 975 647 1023 et
667 964 704 1022 de
719 962 835 1022 Tiberii
857 969 935 1020 certe
957 969 1053 1018 aetate
1067 960 1129 1018 Dio
1147 957 1325 1033 affirmem),
1346 959 1441 1016 nihilo
1456 967 1555 1018 tamen
1572 960 1676 1020 minus

345 1091 381 1130 eo
403 1063 535 1147 tempore
557 1067 688 1125 dubitari
709 1063 821 1140 nequit,
843 1062 914 1138 quin
937 1070 1080 1119 semestre
1102 1059 1191 1118 fuerit
1210 1059 1418 1118 consulatuum
1441 1067 1559 1137 tempus
1573 1059 1671 1138 legiti-

345 1192 435 1232 mum.
471 1170 572 1228 Etiam
594 1168 649 1226 sub
663 1165 785 1224 Nerone
806 1163 836 1222 id
858 1163 889 1221 in
912 1180 967 1220 usu
989 1161 1136 1219 mansisse
1158 1179 1218 1218 nou
1234 1159 1394 1220 Suetonius
1410 1160 1496 1237 (Ner.
1512 1162 1563 1236 15)
1581 1160 1672 1219 modo

345 1281 457 1343 narrat,
480 1290 546 1330 cum
569 1268 742 1326 consulatus
763 1265 795 1323 in
816 1281 906 1323 senos
928 1264 1103 1340 plerumque
1125 1278 1245 1320 menses
1266 1280 1334 1320 eum
1352 1261 1470 1320 dedisse
1486 1262 1597 1334 scribit,
1618 1261 1672 1320 sed

345 1381 540 1432 monumenta
559 1385 679 1445 quoque
701 1366 893 1426 confirmant:
916 1383 985 1422 nam
1006 1381 1083 1440 quae
1104 1371 1265 1439 supersunt
1285 1369 1354 1420 acta
1373 1363 1499 1421 fratrum
1514 1363 1672 1422 Arvalium

347 1493 425 1534 anno
449 1479 527 1531 certe
550 1471 589 1530 59
615 1469 675 1527 duo
703 1477 816 1526 tautum
845 1466 936 1524 fuisse
965 1471 1112 1553 testantur
1137 1463 1294 1522 consulum
1322 1464 1421 1541 paria,
1448 1483 1502 1523 nec
1527 1465 1564 1522 de
1585 1465 1672 1524 aunis

348 1572 465 1651 imperii
486 1570 653 1630 Neroniani
674 1568 889 1646 posterioribus
911 1565 972 1624 ulla
992 1566 1137 1623 habemus
1157 1565 1342 1636 testimonia,
1368 1565 1477 1640 quibus
1498 1566 1673 1625 consulatus

347 1686 418 1735 tunc
443 1675 531 1732 aliter
556 1671 710 1730 ordinatos
735 1687 803 1728 esse
830 1677 980 1745 appareat.
1023 1665 1103 1725 Nam
1129 1667 1210 1741 quod
1234 1666 1298 1742 ipse
1321 1664 1404 1724 Nero
1430 1685 1446 1724 e
1468 1667 1672 1726 consulatibus

349 1786 489 1854 quattuor
508 1770 670 1832 secuudum
695 1769 815 1846 quidem
837 1777 866 1827 et
887 1767 1081 1827 novissimum
1103 1767 1199 1844 gessit
1220 1777 1394 1839 semestres,
1423 1768 1552 1843 primum
1573 1777 1673 1828 summ

348 1879 536 1944 bimestrem,
561 1871 680 1930 tertium
701 1870 946 1946 quadrimestrem
969 1866 1063 1943 (Suet.
1086 1867 1107 1925 l.
1122 1885 1148 1926 c.
1173 1866 1251 1943 14),λ
1268 1867 1300 1925 id
1321 1868 1360 1925 ad
1381 1868 1554 1927 consulatus
1574 1869 1674 1945 prisa-

350 1989 447 2036 torum
469 1993 529 2032 uon
550 1973 694 2050 peruenit,
716 1990 782 2030 cum
804 1971 999 2046 imperatores
1021 1969 1123 2044 etqui
1144 1978 1372 2046 praecesserunt
1387 1976 1417 2026 et
1431 1970 1482 2046 qui
1497 1969 1590 2028 secuti
1605 1978 1675 2030 suut

347 2079 447 2137 fasces
474 2095 513 2133 ex
537 2073 661 2132 arbitrio
683 2091 736 2148 per
757 2081 874 2148 tempus
897 2070 985 2128 modo
1007 2068 1127 2145 longius
1149 2070 1238 2128 modo
1259 2069 1379 2127 brevius
1402 2070 1551 2129 tenuerint
1572 2071 1624 2146 (cf.
1647 2091 1673 2130 e.

348 2199 376 2258 g.
399 2178 470 2238 fasti
491 2173 681 2248 Domitiani).
726 2169 813 2244 Quod
840 2190 935 2248 nuper
957 2170 1120 2246 disputavit
1142 2168 1284 2229 Stobbius
1311 2169 1502 2249 (Philologus
1522 2171 1635 2230 XXXI
1656 2172 1673 2230 8

348 2299 378 2357 p.
393 2277 474 2351 266)
500 2277 576 2333 inter
600 2275 714 2350 primos
735 2271 832 2330 fasces
854 2281 884 2330 et
904 2280 1073 2348 postremos
1095 2270 1166 2328 anni
1182 2269 1221 2328 68
1243 2271 1418 2330 inserendos
1439 2289 1507 2332 esse
1528 2273 1569 2332 M.
1593 2272 1675 2350 Ulpii

349 2378 472 2439 Traiani
499 2375 608 2451 patris,
636 2374 667 2431 id
693 2383 740 2431 est
765 2371 899 2430 nundina
924 2372 987 2429 eius
1015 2371 1083 2429 anni
1105 2369 1337 2446 quadrimestria
1356 2372 1467 2444 luisse,
1496 2373 1613 2433 etiamsi
1637 2374 1675 2436 de

348 2479 481 2538 Traiano
507 2474 629 2533 consule
657 2481 735 2531 recte
757 2469 954 2547 iudicavit2),
981 2479 1124 2530 mutatam
1147 2489 1216 2530 esse
1237 2471 1411 2532 consulatus
1434 2475 1579 2534 rationem
1606 2476 1676 2534 inde

349 2596 537 2656 nequaquam
562 2573 706 2650 sequitur.
748 2572 828 2632 Nam
849 2573 983 2632 ennodii
1006 2573 1146 2631 consules
1167 2571 1336 2631 ordinarios
1356 2583 1423 2632 cate
1444 2584 1551 2651 ternpus
1573 2577 1676 2635 bonore

346 2681 475 2759 privavit
489 2675 571 2735 Nero
594 2677 728 2748 otqaetn
749 2677 898 2749 utriusque
920 2673 1008 2732 locam
1030 2673 1108 2731 eolus
1130 2676 1194 2731 iniit
1207 2674 1384 2733 consulatum
1405 2673 1501 2749 (Suet.
1517 2675 1589 2735 Ner.
1604 2676 1676 2753 43);

350 2784 421 2841 item
448 2779 475 2836 si
500 2795 533 2833 re
554 2793 626 2833 vera
650 2783 720 2849 post
746 2783 871 2832 mortem
893 2775 958 2832 eius
979 2774 1110 2832 inierunt
1131 2772 1281 2832 Traianus
1303 2783 1334 2833 et
1354 2774 1501 2850 Bolanus,
1528 2777 1584 2837 hos
1606 2797 1677 2838 con-

352 2881 432 2940 eules
461 2876 635 2953 designatos
662 2891 729 2932 esse
756 2874 894 2932 sollemni
922 2873 1024 2932 ordine
1051 2874 1121 2932 inde
1148 2881 1211 2932 tuto
1238 2875 1379 2952 colligere
1406 2897 1466 2937 uon
1493 2878 1578 2952 licet,
1609 2897 1675 2938 cum

352 2987 475 3058 urgente
502 2983 636 3050 tempore
662 2973 776 3032 Neroni
802 2975 942 3033 defuncto
970 2975 1050 3033 credi
1079 2975 1196 3052 possint
1224 2975 1340 3034 suffecti
1368 2995 1443 3037 esse.
1488 2977 1678 3056 Quapropter

352 3097 533 3160 quamquam
556 3075 694 3135 consules
715 3091 771 3133 sex
793 3094 871 3134 auno
887 3074 926 3133 68
947 3084 1066 3153 praeter
1080 3074 1240 3136 Caesarem
1256 3078 1393 3138 videntur
1414 3079 1511 3140 fasces
1534 3082 1677 3160 gessisse,

352 3182 587 3259 quadrimestres
608 3176 780 3236 consulatus
802 3183 873 3234 tuno
893 3175 989 3236 fuisse
1009 3177 1131 3236 minime
1153 3185 1279 3236 constat.

354 3389 557 3401 ——n—

431 3556 455 3617 ¹)
482 3554 536 3605 Dio
550 3555 597 3616 ts,
613 3556 660 3605 20:
684 3551 730 3604 τῶν
756 3547 778 3602 δ’
796 3542 837 3603 οὖν
861 3547 954 3604 decisus
978 3545 991 3603 e‘
1010 3551 1053 3621 piu
1071 3549 1197 3622 Δομίτιος
1216 3548 1249 3604 δι’
1267 3549 1335 3613 ἔτους
1353 3545 1412 3624 ἦρξε
1432 3591 1586 3624 ........,
1613 3558 1638 3610 οἱ
1658 3553 1680 3610 d'

355 3638 435 3698 ἄλλοι
459 3634 490 3702 dc
511 3662 557 3694 που
579 3641 613 3707 stt
631 3639 743 3712 Τιβερίῳ
768 3640 848 3710 ἔδοξε.
880 3633 937 3701 red:
959 3642 1002 3712 plu
1024 3633 1070 3713 ydp
1095 3643 1133 3695 lrrl
1152 3633 1315 3714 peupdrupuu,
1341 3639 1398 3706 rede
1417 3645 1445 3699 di
1464 3647 1501 3699 tut
1521 3639 1680 3722 βραχῦτιρον

355 3730 384 3789 ἃν
401 3730 486 3808 ᾗριῖτο
505 3729 547 3784 καὶ
564 3723 622 3791 rode
639 3732 683 3802 ple
701 3729 738 3783 ἔτι
755 3734 796 3783 acl
814 3731 917 3784 θᾶσσον
935 3732 979 3784 τοῦ
995 3732 1143 3803 τεταγμΙνου
1162 3725 1328 3801 ἅπῆλλοσσι,
1355 3743 1408 3797 τοῖς
1432 3737 1460 3789 di
1478 3738 1519 3791 aul
1538 3739 1575 3791 Ιπὶ
1593 3744 1681 3792 πλοῖον

355 3818 446 3897 ἄρχειν
470 3820 562 3874 titios.
598 3816 646 3887 ἤδη
670 3821 697 3874 dl
721 3823 761 3874 uui
784 3822 809 3881 tc
833 3811 893 3873 ἕλον
914 3812 957 3873 τ6ν
981 3815 1089 3874 tanausis
1111 3819 1247 3894 α’ποδοὶξας
1265 3819 1295 3877 dv
1312 3846 1366 3879 ruva
1386 3828 1474 3881 tantm
1492 3828 1536 3898 pir
1553 3830 1679 3899 rasilem,

355 3913 437 3985 despue
461 3912 489 3965 dd
513 3908 555 3965 acl
579 3903 654 3966 αὖθις
678 3908 758 3980 ἕτερον
783 3911 965 3977 austrasiam·
990 3914 1033 3964 καί
1054 3932 1121 3973 τινος
1139 3911 1181 3966 καὶ
1202 3916 1227 3976 lc
1243 3917 1326 3986 τρίτον
1346 3919 1441 3988 ίτέρους
1459 3914 1682 3994 προχειριζὲμινος

355 4003 410 4058 εἶτα
433 3997 530 4062 ἄλλους
547 3993 673 4055 decredere
690 3994 738 4071 apd
757 3996 833 4054 udrdu
851 3997 910 4054 ἄνθ’
927 4002 1013 4074 tripos
1032 4003 1122 4058 Ιποίοι.
1154 4006 1194 4058 καὶ
1212 4008 1268 4080 περὶ
1288 4008 1331 4080 p'rv
1347 4002 1405 4071 rede
1421 4004 1527 4072 ιῖπᾶτους
1543 4012 1620 4065 ταῦτα
1639 4005 1682 4066 eui

354 4087 436 4160 πᾶσης
454 4088 484 4152 οἷς
503 4094 581 4145 alatis
598 4093 641 4159 τῆς
659 4087 789 4162 ἡγεμονίας
807 4087 882 4146 αὐτοῦ
899 4091 1015 4164 iyt'yvsru.

432 4202 457 4264 ²)
485 4204 526 4254 De
551 4219 583 4254 es
606 4219 634 4254 re
658 4204 769 4268 amplius
791 4206 844 4270 egit
865 4205 893 4256 lu
918 4207 1080 4272 ephemeride
1104 4208 1199 4261 Ptttot.
1225 4211 1350 4278 Ametqer
1376 4215 1446 4265 1870
1470 4231 1496 4280 p.
1511 4216 1577 4278 269,
1604 4231 1681 4282 quam

355 4295 470 4346 noudum
495 4295 602 4345 allatam
618 4296 647 4345 in
666 4295 756 4344 urbem
774 4311 828 4345 non
845 4297 918 4347 licuit
936 4301 1077 4350 consulere.
1114 4301 1175 4352 suit
1193 4310 1280 4352 autem
1298 4305 1427 4355 Traianus
1446 4321 1516 4356 anno
1530 4307 1563 4357 67
1583 4307 1682 4372 legatus

355 4388 464 4453 legionis
483 4387 599 4436 decimae
618 4385 735 4450 (Ioseph.
755 4387 780 4437 b.
800 4388 821 4437 Ι.
841 4388 897 4450 ΙΙΙ,
919 4390 944 4452 7,
960 4391 1005 4441 31:
1032 4381 1156 4457 Τροιανδν
1176 4381 1233 4442 drru
1250 4390 1295 4443 τοῦ
1314 4385 1416 4444 &radron
1433 4385 1558 4464 τοῖγματος
1575 4386 1683 4467 η’γιμὸνα

355 4497 377 4528 κ.
392 4496 416 4528 τ.
432 4478 486 4544 ib),
513 4492 591 4543 quam
614 4491 683 4528 auno
706 4478 851 4544 insequenti
870 4481 938 4530 rexit
955 4481 1063 4532 Larcius
1080 4483 1194 4548 Lepidus
1213 4483 1245 4546 (l.
1259 4501 1282 4536 c.
1301 4487 1354 4546 VI,
1369 4489 1399 4549 4,
1416 4489 1444 4549 ³3
1470 4489 1681 4540 cruentemur

356 4569 393 4620 les
411 4569 521 4636 efficiere
539 4570 583 4635 qai
600 4565 746 4620 assisterent
764 4587 799 4620 aa
815 4569 911 4621 censeat
927 4569 959 4622 de
973 4587 1064 4638 guerre
1082 4581 1138 4624 tenu
1154 4591 1205 4641 por
1221 4573 1293 4626 Titus
1311 4585 1359 4628 eet.
1378 4593 1403 4643 p.
1419 4579 1472 4639 23).
1509 4581 1589 4630 Auno
1605 4581 1684 4646 igitur

356 4661 391 4710 67
410 4667 520 4710 exeunte
538 4661 579 4711 vel
599 4661 632 4712 68
652 4663 679 4712 in
697 4661 788 4712 urbem
805 4661 906 4712 videtur
924 4664 1066 4714 revertisse.
1098 4667 1177 4717 Auno
1197 4667 1291 4718 deinde
1305 4669 1339 4719 79
1359 4683 1417 4719 cum
1435 4672 1573 4733 proconsul
1589 4671 1682 4721 Asiam

356 4751 544 4801 administrarit
565 4750 646 4813 (0.1.
667 4752 713 4804 Gr.
733 4753 818 4817 3936;
849 4753 881 4804 cl.
906 4753 1003 4804 Eclrhel
1023 4756 1039 4805 6
1063 4771 1089 4820 p.
1107 4757 1185 4820 435),
1213 4765 1320 4824 propter
1343 4759 1495 4811 decennium
1502 4797 1510 4824 ,
1535 4761 1605 4826 quod
1629 4769 1683 4810 tum
1710 4769 1713 4774 '

354 4842 423 4891 inter
447 4843 609 4893 consulatum
633 4851 659 4893 et
682 4846 892 4908 proconsulatum
915 4845 1074 4896 intercedere
1100 4849 1212 4911 solebat,
1239 4864 1292 4900 non
1315 4852 1370 4901 sine
1394 4852 1577 4916 probabilitate
1599 4852 1684 4902 fasces

355 4933 410 4981 eius
438 4934 472 4982 ad
500 4948 596 4983 annum
620 4935 654 4984 68
683 4935 836 4985 referuntur.
881 4937 970 4988 Antea
996 4938 1066 4988 enim
1096 4941 1256 4990 consulatum
1284 4956 1338 4992 non
1365 4949 1450 5007 potest
1474 4943 1596 5008 gessisse,
1625 4959 1683 4992 cum

355 5035 424 5071 auno
443 5023 477 5072 67
502 5023 582 5074 inisse
609 5024 727 5074 videatur
749 5026 893 5088 praetorius
917 5033 1004 5090 utpote
1027 5028 1124 5092 legioni
1147 5033 1316 5096 praepositus.
1362 5033 1497 5084 similibus
1526 5035 1685 5100 argumentis

355 5111 480 5163 adductus
498 5112 655 5179 Borgheslus
668 5117 782 5166 Vettium
803 5115 932 5167 Bolanum
956 5120 1136 5182 proconsulem
1156 5123 1237 5172 Asiae
1255 5137 1324 5173 auno
1344 5125 1436 5176 eodem
1456 5123 1557 5190 <oppii
1577 5141 1603 5189 p.
1618 5123 1683 5186 289)

355 5208 380 5252 et
398 5203 482 5268 ipsum
502 5219 570 5255 anno
585 5207 618 5256 68
638 5207 737 5256 Neroni
756 5207 890 5259 suffectum
909 5223 964 5259 esse
984 5210 1093 5260 coniecit
1113 5210 1139 5271 (l.
1155 5228 1176 5264 ο.
1197 5215 1213 5262 4
1233 5229 1257 5278 p.
1272 5215 1345 5275 402).
