3712 5838
346 606 419 680 226
917 608 1101 665 uouusmr

345 798 382 857 lis
404 792 515 856 saeculi
536 790 615 850 sexti
635 786 826 861 incautisque
843 783 973 860 septimi,
994 799 1091 858 neque
1106 778 1137 839 id
1150 793 1206 858 per
1219 799 1252 840 se
1267 782 1418 847 offendere
1432 788 1534 863 debst3
1555 809 1625 850 nam
1641 803 1675 852 at

344 896 492 977 praetoris
514 890 641 950 maximi
655 886 739 964 apud
760 883 896 956 Latinos,
917 883 960 942 ita
980 883 1146 965 asperaque
1158 873 1267 940 ὑπάτου
1289 888 1469 948 vocabulum
1482 891 1563 971 apud
1580 889 1675 953 Grae·

345 1016 397 1057 cos
418 997 472 1054 illa
491 998 588 1052 aetate
609 989 698 1067 plane
713 985 891 1046 exoleverat
912 983 1022 1060 quique
1043 983 1239 1043 coutebatur
1261 1004 1321 1045 non
1342 988 1446 1049 doctus
1463 992 1543 1052 inter
1557 994 1673 1065 doctos,

344 1099 399 1159 sed
424 1095 617 1174 magistratus
644 1087 868 1165 magistratibus
894 1085 1044 1156 scribens,
1071 1082 1236 1146 credendus
1257 1094 1306 1145 est
1326 1100 1468 1150 nontam
1489 1093 1673 1170 antiquatam

344 1199 426 1258 verbi
447 1191 697 1274 significationem
718 1187 895 1248 resusdtaro
909 1185 1045 1244 voluisse
1065 1201 1156 1260 quam
1176 1185 1234 1244 hoe
1252 1185 1351 1248 dicere
1364 1199 1533 1267 praetorem
1548 1211 1582 1253 ae
1596 1213 1672 1269 esse,

343 1299 398 1360 sed
422 1295 596 1375 primarium
623 1300 653 1351 et
678 1307 770 1367 supra
795 1287 928 1363 reliquos
948 1295 1101 1362 praetores
1123 1285 1311 1347 eminentem.
1355 1287 1441 1363 Quae
1463 1293 1565 1370 opinio
1587 1313 1674 1372 prae·

342 1410 426 1460 terea
450 1415 486 1456 eo
513 1392 752 1464 commendatur,
780 1387 862 1466 quod
882 1387 962 1446 idem
982 1385 1119 1445 Fannius
1141 1387 1172 1445 in
1193 1387 1324 1464 epistula
1345 1392 1466 1466 publica
1487 1393 1547 1454 alia
1567 1396 1673 1457 eodem

343 1519 421 1560 anno
444 1499 557 1574 scripta
578 1493 747 1572 appellatur
767 1477 1052 1574 ἇρχιττρατηγέτῑ).
1071 1497 1075 1502 ’
1092 1488 1157 1546 lam
1177 1489 1228 1560 ubi
1249 1490 1513 1568 circumspicimus,
1534 1499 1587 1572 qui
1608 1498 1672 1557 fieri

341 1601 482 1679 potuerit,
505 1607 538 1656 ut
559 1594 594 1656 C.
610 1594 747 1653 Fannius
768 1599 889 1668 praetor
910 1589 1004 1648 Asiae
1026 1607 1053 1646 a.
1070 1589 1129 1648 705
1152 1607 1245 1668 supra
1264 1592 1400 1668 reliquos
1422 1605 1576 1670 praetores
1599 1599 1672 1657 emi·

342 1709 440 1772 neret,
467 1699 569 1758 statim
596 1693 742 1754 succurrit
768 1691 926 1750 notissima
950 1690 1062 1748 liberae
1083 1691 1127 1748 rei
1149 1691 1491 1766 puhlicse'consuetudo
1513 1700 1671 1773 praetoriis

342 1798 523 1878 quibusdam
548 1796 732 1875 prouinciam
760 1791 930 1868 regentibus
955 1790 1022 1850 iura
1049 1801 1078 1850 et
1104 1790 1235 1868 insignia
1261 1795 1487 1868 proconsularia
1514 1798 1671 1872 tribuendi,

342 1903 380 1962 de
407 1919 468 1978 qua
492 1905 564 1976 post
590 1896 666 1956 alios
692 1894 740 1972 egi
767 1891 805 1950 ad
827 1891 857 1964 1,
873 1891 947 1964 6413
974 1891 1055 1967 qnod
1083 1893 1242 1969 quominus
1263 1894 1354 1954 etiam
1375 1895 1494 1956 Fannio
1515 1902 1673 1980 eontigerit

340 2022 396 2079 per
416 1999 593 2060 difficillima
612 1999 658 2056 rei
678 1994 815 2074 publicae
837 2000 973 2069 tempora
986 1993 1093 2052 Asiam
1115 1995 1239 2070 regenti,
1260 1994 1384 2056 dubium
1406 2015 1473 2058 esse
1488 2001 1540 2060 vix
1561 2011 1671 2077 potest.

342 2105 385 2162 At
406 2103 432 2162 is
447 2100 557 2160 Fannii
578 2099 674 2157 honor
695 2094 846 2172 quomodo
868 2093 1015 2152 enuntiari
1037 2094 1176 2169 potuerit,
1199 2096 1297 2156 minus
1319 2097 1407 2158 iacile
1422 2107 1470 2158 est
1485 2101 1579 2174 diotu3
1602 2121 1671 2163 nam

342 2223 404 2262 non
432 2210 464 2261 ut
489 2199 598 2276 reliqui
625 2209 695 2275 post
713 2205 884 2276 praeturam
906 2195 936 2252 in
959 2194 1031 2252 urbe
1054 2202 1152 2254 actam
1172 2215 1228 2273 pro
1250 2198 1372 2257 console
1393 2200 1565 2277 provincias
1586 2223 1673 2281 prae·

342 2311 416 2375 erat,
439 2302 492 2363 sed
513 2309 651 2378 praeerat
671 2300 700 2358 si
721 2299 751 2357 in
772 2298 840 2373 ipsa
860 2304 1002 2372 praetura
1022 2296 1222 2374 iungebatque
1244 2317 1312 2357 oum
1332 2299 1499 2361 honoribus
1513 2313 1672 2380 praeturae

342 2406 474 2464 honores
506 2397 747 2479 proconsulatus.
798 2395 903 2456 Potuit
935 2406 1014 2456 recte
1046 2397 1193 2474 appellari
1222 2409 1341 2474 praetor
1369 2403 1604 2481 promunturi)
1634 2406 1673 2464 ad

344 2505 516 2582 exemplum
548 2505 709 2579 quaestoria
732 2516 789 2576 pro
814 2509 961 2574 prostors;
996 2497 1049 2556 sed
1076 2497 1194 2557 videtur
1220 2499 1309 2558 aliter
1336 2519 1400 2560 rem
1428 2503 1614 2564 ordinavisse
1643 2515 1674 2567 et

342 2605 451 2664 Ladae
472 2605 593 2680 quidem
614 2601 798 2662 continuisse
820 2616 852 2657 sa
874 2601 953 2658 intra
973 2598 1086 2657 nudum
1107 2597 1228 2658 titulum
1249 2602 1411 2677 praetoris,
1434 2601 1552 2664 Graece
1573 2615 1672 2666 autem

343 2687 457 2766 dixisse
479 2721 511 2764 ss
534 2723 730 2787 τιρατηγον
716 2721 824 2757 aaaron
846 2701 910 2758 sive
932 2681 1180 2781 ἆρχιττρατηγᾶν,
1200 2700 1233 2759 id
1254 2709 1300 2761 est
1320 2709 1488 2777 praetorem
1508 2707 1672 2766 maximum

343 2808 408 2864 sive
433 2805 623 2880 primarium,
653 2818 759 2875 nempe
785 2800 944 2858 habentem
969 2799 1068 2858 fasces
1094 2799 1260 2860 duodecim.
1308 2801 1419 2864 lulium
1447 2802 1558 2868 Gaium
1587 2809 1671 2870 illum

343 2907 406 2963 sive
428 2921 488 2979 quo
509 2903 570 2961 alio
592 2901 711 2960 nomine
732 2900 797 2971 luit,
819 2899 871 2976 qui
894 2899 995 2976 paullo
1016 2909 1088 2976 post
1109 2898 1242 2960 Caesare
1265 2903 1407 2964 dictatore
1428 2908 1522 2968 Asiae
1543 2910 1672 2986 praefuit

344 3023 505 3088 στρατηγοτ
526 3023 646 3068 υπατος,
667 3000 742 3060 nihil
762 2999 895 3077 impedit,
916 3001 1076 3076 quominus
1096 3001 1168 3059 item
1189 3010 1357 3064 statuamus
1380 3023 1415 3066 so
1437 3007 1530 3070 ivisse
1550 3011 1582 3068 in
1603 3012 1671 3089 ipso

342 3113 500 3182 praeturae
522 3121 601 3162 anno
622 3104 690 3162 iura
710 3102 868 3161 habentem
890 3101 1089 3178 proconsulis,
1111 3121 1180 3162 oum
1201 3107 1377 3182 praesertim
1399 3125 1587 3187 nequaquam
1609 3132 1671 3172 cer·

342 3213 407 3264 tum
435 3205 476 3264 sit
498 3201 659 3264 Gaesarem
686 3203 859 3262 dictatorem
881 3203 977 3278 legem
1000 3201 1036 3260 de
1058 3203 1179 3262 biennio
1202 3214 1359 3281 praeturae
1380 3209 1458 3269 inter
1480 3212 1582 3272 urbem
1604 3225 1670 3290 pro-

344 3307 533 3383 vinciamque
556 3303 761 3364 distribuendo
783 3302 983 3380 aequabiliter
1003 3303 1191 3364 observasse.

451 3718 521 3778 XII.
566 3714 800 3777 nauseas
820 3715 879 3776 Du
900 3711 1129 3778 PlSONlBVS
1151 3715 1207 3776 ΕΤ
1229 3715 1402 3783 CRASSIS
1424 3722 1567 3786 Favet.

426 3873 477 3932 Ad
505 3889 542 3932 aa
569 3891 645 3949 quas
673 3889 765 3948 supra
793 3889 823 3947 p.
848 3871 904 3929 143
923 3888 987 3946 seq.
1021 3871 1150 3949 exposui
1179 3872 1216 3933 de
1245 3872 1420 3952 calpurniis
1449 3878 1612 3941 Pisonibus
1640 3894 1671 3942 et

343 3972 465 4034 Crassis
488 3972 581 4049 Frugi
609 3979 803 4031 accreverunt
827 3971 973 4045 quaedam
1000 3990 1067 4031 cum
1094 3992 1133 4033 ex
1155 3993 1222 4032 mea
1242 3973 1371 4036 lectione
1392 3988 1454 4038 tum
1477 3999 1516 4039 ex
1537 3981 1671 4042 admoni-

342 4073 474 4131 tionibus
488 4073 630 4131 Riohardi
645 4068 786 4131 Schoenii
808 4072 865 4130 mei
888 4071 1076 4149 aliorumque
1097 4075 1272 4148 amicorum,
1293 4093 1371 4154 quas
1393 4098 1430 4138 ue
1451 4082 1562 4160 pagina
1576 4093 1670 4156 vacat,

341 4172 391 4228 hic
412 4172 530 4231 adicere
551 4171 673 4248 placuit.
728 4247 730 4254 Ι

427 4270 550 4332 Titulus
576 4272 709 4332 urbanus
737 4280 809 4350 post
835 4273 910 4332 alios
931 4275 1045 4333 relatus
1068 4271 1148 4352 apud
1171 4276 1318 4337 Orellium
1341 4299 1370 4339 n.
1387 4281 1481 4341 3689:
1510 4282 1543 4341 hi
1563 4290 1672 4344 testoni

342 4371 429 4446 xlx
441 4376 535 4450 positi
555 4384 622 4434 aaut
642 4373 678 4430 oh
694 4371 881 4433 Scriboniano
903 4383 928 4432 et
950 4375 1054 4458 Pisum
1076 4375 1169 4452 liupr·
1189 4396 1223 4437 ea
1243 4379 1425 4458 deputatione
1445 4381 1476 4440 Τ.
1493 4383 1585 4443 Flaui
1603 4384 1670 4444 Vsa-

421 4683 445 4745 ¹)
472 4685 598 4750 Iosephus
613 4685 655 4746 lh,
672 4687 714 4748 10,
731 4685 777 4736 132
797 4682 875 4742 Τῖτος
888 4675 999 4751 'Apesas
1017 4678 1097 4736 'l'r'roa
1115 4676 1171 4746 cide
1187 4677 1292 4752 Βιῖλβις
1309 4682 1462 4759 ιτριτβιττιίς
1478 4690 1520 4742 nal
1538 4684 1670 4763 α’ντιστριῖ-

340 4787 414 4841 τηγις
432 4767 557 4842 Ἐψιτίων
576 4763 690 4846 ἄρχοντι
710 4773 797 4846 βουλῇ
812 4765 879 4844 δήμῳ
898 4772 1010 4848 χαίριιν.
1042 4777 1146 4830 Deinde
1164 4780 1199 4830 ibi
1213 4788 1251 4830 est
1264 4783 1315 4834 sies
1334 4773 1401 4851 rapui
1419 4776 1515 4833 coiea
1532 4781 1577 4834 roi
1592 4777 1670 4856 ἆρχι·

342 4859 482 4932 στριτηγοῧ
498 4866 590 4916 auh.
609 4861 613 4870 '
632 4866 786 4917 Dnsbnerus
805 4868 875 4932 quod
893 4869 983 4932 edidit,
1003 4883 1036 4920 ex
1055 4871 1202 4922 coniectura
1220 4879 1248 4921 ut
1267 4872 1376 4936 videtin,
1397 4865 1589 4944 ἀντιστρατήγου
1608 4877 1672 4928 farri

340 4969 394 5005 nou
412 4969 488 5020 posse
507 4963 575 5007 recta
594 4951 682 5008 docuit
700 4957 890 5022 Waddingtou;
910 4959 1021 5025 epistula
1039 4962 1108 5011 enim
1127 4964 1222 5028 scripta
1240 4971 1279 5014 ost
1297 4979 1385 5014 mense
1404 4962 1511 5016 Octobri
1530 4979 1554 5017 a
1570 4967 1632 5018 ioh.

416 5041 442 5106 ⁹)
469 5041 580 5098 Praetor
593 5062 645 5114 pro
663 5047 764 5100 comis
789 5050 833 5114 qul
856 5049 986 5100 invenitur
1009 5052 1037 5102 ln
1059 5054 1139 5104 titulis
1163 5055 1210 5104 atsi
1228 5055 1292 5104 item
1310 5069 1363 5106 uno
1381 5053 1472 5120 spiritu
1491 5056 1591 5108 ridetur
1608 5056 1669 5108 alie·

340 5135 435 5186 sendus
459 5150 527 5199 osse,
552 5152 605 5188 non
629 5139 757 5204 signifieat
778 5147 923 5204 praetorem
947 5142 1089 5223 eodemque
1113 5158 1182 5196 anno
1205 5146 1400 5210 proconsulem,
1426 5147 1472 5198 sed
1493 5149 1580 5213 priore
1599 5161 1668 5200 anuo

339 5231 495 5290 praetorem,
515 5229 657 5292 posteriora
676 5231 854 5295 proconsulem
874 5230 908 5292 (ι.
929 5233 962 5283 ad
981 5233 1002 5294 1,
1018 5234 1091 5294 641).
1162 5238 1165 5246 ’
