3712 5838
739 587 968 644 FELIOIANVS.

590 759 678 819 Pauli
697 761 834 837 Remusij
857 761 1100 838 Ariminensis1).

434 857 582 944 §mihitur
603 863 733 937 antiquis
754 871 786 920 ut
807 863 918 939 pagina
938 862 1101 940 qu[a]equa
1122 863 1236 942 liguris,

476 961 544 1020 Hoc
564 961 762 1040 Augustum)
783 963 883 1022 nobile
904 963 1010 1040 pandit
1030 945 1117 1041 opus.

435 1061 525 1120 Hunc
543 1062 634 1138 igitur
654 1063 746 1120 tacita
766 1071 868 1122 teneat
888 1065 944 1122 sub
965 1071 1064 1123 mente
1084 1064 1217 1123 libellum

478 1160 625 1238 Quisquis
645 1162 812 1223 Romuleas
834 1173 919 1240 optat
939 1165 1050 1224 habere
1071 1174 1176 1224 notas:

436 1259 487 1322 Sic
508 1281 602 1339 uagus
624 1264 778 1323 Ausonias
800 1265 910 1341 poterit
931 1267 1060 1325 transire
1081 1285 1135 1343 per
1157 1266 1245 1324 urbes

477 1363 574 1424 Tutus
595 1371 625 1424 et
646 1365 782 1442 ingentes
806 1382 948 1441 spernere
969 1365 1100 1424 diuitias.

663 1517 799 1594 Venetijs
822 1517 1043 1578 hlooochxxr

767 1619 840 1680 XV.
862 1620 942 1696 Iulij.

755 1789 959 1802 *u—

273 1937 375 1998 Lucae
394 1939 532 2000 Pacinoli
555 1940 647 1998 rerba
671 1940 724 2016 qui
751 1957 817 1998 cum
843 1940 882 1998 iis
911 1958 987 2016 quae
1009 1939 1183 1998 Feliciauus
1211 1939 1365 2014 disseruit,
1394 1943 1520 2015 confert,

191 2039 280 2100 facile
301 2042 409 2118 opinor
430 2042 488 2102 sibi
509 2040 716 2118 persuadebit,
744 2041 818 2100 haec
839 2039 986 2100 Pacinolo
1008 2058 1067 2098 non
1089 2041 1194 2118 ignota
1214 2040 1319 2101 fuisse.
1361 2039 1433 2102 Non
1454 2043 1520 2102 dico

191 2141 339 2200 celebrem
365 2149 537 2219 geometren
566 2142 641 2200 nihil
673 2142 710 2200 de
737 2159 792 2200 suo
818 2142 966 2218 proferre3
1000 2141 1091 2200 immo
1118 2141 1328 2218 proportiones
1353 2142 1520 2202 litterarum

191 2241 229 2301 ad
255 2242 346 2301 elium
368 2243 522 2303 modulum
543 2252 635 2319 atque
655 2243 827 2302 Felicianus
850 2242 1010 2318 expressit,
1038 2241 1194 2301 liberiores
1215 2242 1382 2301 litterarum
1404 2251 1518 2304 tractus

191 2341 229 2400 ad
260 2344 455 2422 geometricas
487 2345 619 2403 rationes
651 2362 791 2403 revocure
823 2343 953 2415 studuit,
990 2343 1200 2402 nonnullarum
1228 2343 1394 2402 litterarum
1427 2345 1516 2404 etiam

190 2441 316 2502 sormam
337 2443 513 2504 emendavit
557 2441 618 2505 Sed
639 2463 717 2522 quae
738 2445 775 2504 de
796 2445 903 2504 litteris
925 2463 1002 2520 quae
1024 2454 1095 2503 snut
1116 2445 1144 2502 Α
1162 2444 1187 2502 Β
1205 2442 1275 2502 OD
1292 2443 1318 2502 F
1335 2443 1365 2504 G
1378 2443 1409 2504 H
1432 2444 1520 2517 dixit,

190 2542 336 2604 Feliciaui
357 2545 524 2620 praeceptis
547 2555 606 2603 tam
629 2545 740 2605 similia
761 2552 832 2606 sunt
853 2556 886 2604 ut
906 2563 1118 2621 nonnunquam
1140 2545 1265 2605 verbum
1287 2544 1378 2604 verbo
1395 2563 1520 2622 respon·

190 2644 268 2704 dest.
306 2643 464 2704 Eiusmodi
486 2663 649 2705 consensus
671 2647 755 2705 casui
776 2646 866 2705 tribui
888 2647 1002 2723 nequit,
1024 2646 1078 2705 sed
1100 2646 1186 2704 docet
1205 2645 1319 2705 Lucam
1342 2645 1518 2706 Psciuolum

190 2761 246 2819 pro
267 2744 385 2804 illorum
407 2755 573 2822 temporum
595 2748 812 2806 consuetudine
833 2765 870 2805 ea
883 2765 960 2824 quae
982 2746 1020 2804 ab
1042 2746 1102 2805 alio
1123 2757 1203 2806 recte
1224 2747 1395 2823 excogitata
1414 2765 1520 2825 reppe-

192 2845 293 2916 risset,
315 2847 381 2906 sine
403 2846 466 2905 ulla
486 2847 670 2906 dubitatione
691 2849 724 2907 in
745 2865 832 2907 suum
854 2865 942 2906 usum
966 2847 1158 2906 convertisse.

275 2944 383 3022 Neque
405 2947 491 3006 aliter
511 2947 701 3007 statuendum
724 2947 761 3006 de
782 2950 896 3026 pictore
921 2948 999 3007 iuter
1019 2955 1168 3008 nostrates
1189 2947 1278 3006 facile
1298 2948 1445 3026 principe,
1468 2951 1521 3025 qui

192 3047 219 3104 si
246 3046 313 3122 quis
338 3048 417 3106 alius
444 3049 573 3107 animam
601 3049 711 3125 ubique
736 3049 869 3125 prodidit
890 3048 1142 3118 candidissimam,
1171 3048 1296 3108 Alberto
1318 3049 1445 3109 Direro.
1489 3049 1521 3110 Is

191 3164 257 3206 eum
282 3146 313 3206 iu
337 3147 415 3207 libro
441 3166 501 3224 quo
527 3148 564 3207 dc
590 3149 692 3207 circini
720 3159 751 3207 et
774 3149 895 3225 regulae
917 3166 975 3207 usu
1001 3147 1188 3222 exposuit³)‚
1219 3149 1327 3207 seriem
1353 3149 1520 3208 litterarum

190 3248 294 3323 pulcre
315 3247 530 3309 delineatarum
544 3258 735 3327 proponeret,
757 3267 818 3307 non
840 3248 937 3308 solum
959 3248 1074 3306 litteras
1089 3248 1174 3324 ipsas
1190 3248 1252 3306 tere
1267 3248 1343 3306 tales
1359 3249 1522 3308 delineavit

191 3348 297 3424 quales
317 3349 396 3427 apud
418 3349 597 3408 Paciuolum
619 3349 804 3426 reperimus,
831 3348 997 3408 sedetiam
1025 3347 1139 3407 eisdem
1166 3347 1214 3406 rel
1242 3347 1403 3406 simillimis
1431 3356 1521 3423 atque

191 3449 242 3508 hic
254 3450 420 3509 rationibus
434 3450 623 3527 geometricis
644 3451 675 3508 in
697 3449 806 3508 litteris
825 3448 1047 3508 conformandis
1070 3465 1143 3507 usus
1165 3457 1220 3508 est.
1252 3446 1300 3508 Ne
1312 3447 1386 3507 haec
1400 3447 1519 3524 quidem

192 3567 240 3610 res
261 3551 322 3608 iam
343 3552 473 3610 verbosa
493 3551 696 3627 disputatione
717 3548 853 3626 indigere
875 3548 992 3607 videtur
1012 3555 1170 3627 postquam
1191 3550 1222 3606 iu
1244 3548 1346 3607 tabula
1366 3548 1413 3607 Ill
1432 3548 1519 3608 Paci-

191 3649 254 3708 uoli
275 3660 305 3708 et
325 3651 436 3710 Diireri
456 3652 624 3711 litterarum
645 3651 786 3710 idoneum
808 3649 958 3726 specimen
978 3667 1147 3727 proponere
1168 3649 1254 3708 licuit
1261 3669 1270 3720 3
1291 3667 1330 3707 cx
1351 3666 1410 3724 quo
1433 3648 1519 3707 Paci·

193 3750 256 3810 uoli
283 3751 393 3810 librum
423 3751 541 3811 Ddrero
568 3762 669 3812 uotum
700 3752 797 3810 fuisse
828 3749 903 3808 satis
932 3751 1040 3827 opinor
1071 3749 1151 3808 clare
1188 3757 1321 3827 apparet.
1367 3749 1519 3808 Pictorem

191 3849 475 3928 Norimbergensem
496 3853 566 3912 aliis
580 3852 725 3911 Italorum
743 3850 829 3909 libris
850 3851 1071 3910 mathematicis
1092 3867 1179 3909 usum
1201 3866 1269 3910 esso
1289 3856 1371 3908 certo
1392 3849 1519 3921 scimus3

193 3969 266 4012 saue
287 3952 462 4012 adservatur
487 3953 635 4029 hodieque
663 3952 696 4011 iu
722 3950 906 4010 bibliotheca
928 3949 1171 4027 Guelferbytanae
1194 3949 1366 4026 exemplum
1391 3949 1519 4009 elemen-

193 4063 290 4112 torum
310 4053 447 4113 Euclidis
469 4051 604 4113 Venetiis
625 4072 653 4112 a.
678 4051 757 4112 1505
780 4051 872 4110 latine
894 4051 1043 4110 editorum
1064 4052 1146 4128 quod
1160 4050 1298 4109 Ddrerus
1320 4067 1348 4108 a.
1365 4048 1519 4109 1507115-

192 4153 281 4213 netiis
304 4171 337 4213 se
362 4155 472 4214 emisse
497 4172 553 4214 sua
581 4172 672 4213 manu
699 4153 797 4230 primo
818 4151 893 4210 folio
914 4153 1078 4232 inscripsit.
1122 4150 1210 4225 Quod
1234 4151 1260 4210 si
1282 4150 1421 4210 Pacinoli
1442 4167 1520 4227 opus

193 4256 258 4333 ipse
281 4272 381 4314 secum
396 4253 533 4315 Venetiis
554 4255 673 4314 domum
695 4262 866 4332 reportasse
885 4253 975 4312 statui
996 4269 1057 4311 non
1071 4260 1182 4330 potest,
1204 4252 1346 4329 quonium
1367 4260 1437 4329 post
1456 4253 1521 4310 eius

192 4355 359 4415 discessum
374 4357 456 4432 typis
472 4355 654 4435 descriptum
675 4365 707 4414 et
727 4355 838 4414 editum
853 4361 909 4426 est,
931 4352 1006 4410 nihil
1027 4352 1128 4412 obstat
1141 4353 1300 4430 quominus
1314 4351 1425 4409 librum
1440 4349 1521 4426 apud

195 4456 291 4516 Italos
313 4456 460 4515 celebrem
482 4456 543 4515 alia
564 4455 613 4513 via
633 4453 863 4535 Norimbergam
885 4453 1008 4512 allatum
1029 4468 1097 4512 esse
1118 4459 1265 4530 putemus.

201 4631 207 4642 .
277 4555 422 4615 Befflflni·
1115 4585 1153 4644 R.
1177 4581 1315 4644 Sestius.

272 4817 296 4882 ¹)
319 4820 362 4871 De
380 4820 464 4872 Paulo
483 4819 618 4872 Bannusio
636 4819 691 4869 slve
702 4818 827 4870 Remusio
845 4815 1027 4868 iurisconsultc
1044 4814 1089 4865 vd.
1101 4813 1255 4866 Thahoschi
1274 4809 1363 4864 storia
1380 4809 1451 4862 della
1469 4811 1520 4863 lett.

194 4907 257 4962 Ital.
277 4911 331 4962 vn
352 4913 365 4961 l
386 4926 412 4976 p.
427 4911 479 4963 2³9
499 4911 540 4961 ed
559 4910 635 4962 Rom.

271 4995 297 5062 ¹)
320 5002 495 5067 Augusdnum
515 5015 651 5067 quemnam
670 4999 741 5050 dicat
758 5012 811 5048 non
830 5011 962 5063 assequor.

273 5088 298 5152 ⁸)
315 5083 530 5160 'Ummeyaaq
548 5091 593 5142 der
605 5088 724 5156 dismay
735 5089 781 5139 mit
792 5087 846 5139 dem
860 5085 965 5138 Zirclcel
980 5083 1033 5136 aad
1044 5075 1220 5150 Richtcclscyt'.
1246 5082 1364 5135 Adhibui
1381 5081 1521 5136 odldoncm

189 5151 262 5234 'aunt
281 5182 361 5235 1525.
397 5183 440 5236 De
458 5184 500 5236 his
516 5183 612 5236 Dtrcri
630 5181 722 5232 studiis
740 5180 787 5232 cir.
805 5181 840 5231 Δ.
859 5194 911 5231 von
929 5178 1002 5230 Zshn
1019 5169 1129 5228 Ddrer’e
1145 5173 1296 5228 Kanotlelrc
1313 5190 1339 5242 p.
1352 5175 1395 5228 97.
