3742 5826
615 509 913 564 onssnvsmouas
933 513 1049 564 arran.
1069 515 1143 564 vm.
1470 499 1538 570 147

213 717 272 774 que
291 718 361 758 vere
382 699 461 760 filius
483 719 522 758 ex
543 699 596 757 illo
617 699 805 758 matrimonio
827 707 914 757 natus
936 701 995 759 diei
1013 703 1062 760 Cn.
1077 702 1207 778 Pompeii
1221 714 1246 762 et
1259 701 1297 762 L.
1314 703 1416 764 Crassi
1429 705 1539 764 subeles

215 798 302 874 (Tac.
325 801 394 858 hist.
414 801 520 876 1‚15).

297 901 361 958 Iam
383 901 538 960 videamus
565 900 601 958 de
628 899 698 958 filiis
727 908 757 957 et
782 899 901 956 filiabus
927 919 967 958 ex
989 902 1029 958 Μ.
1054 899 1165 961 Crasso
1188 903 1281 980 Frugi
1305 907 1428 964 consule
1456 924 1482 963 a.
1500 905 1538 964 27

213 1009 243 1058 et
265 999 424 1062 Scribonia
443 1003 533 1060 natis.

301 1103 326 1160 l.
365 1103 415 1162 cu.
438 1103 588 1178 Pompeius
610 1100 778 1177 Mapaua¹)
800 1099 904 1160 Crassi
925 1100 1005 1159 filius
1027 1103 1154 1162 testibus
1177 1099 1292 1164 Seneca
1313 1113 1343 1164 et
1361 1106 1468 1165 Tacito
1489 1125 1539 1166 no·

214 1202 296 1260 mina
321 1204 414 1260 traxit
435 1223 495 1261 non
517 1221 536 1260 a
557 1209 681 1279 paterna
702 1202 809 1277 stirpe,
838 1201 892 1260 sed
914 1219 933 1258 a
954 1211 1102 1274 materna,
1130 1214 1163 1261 ut
1184 1207 1376 1266 reviresceret
1396 1207 1540 1283 quodam-

214 1302 303 1360 modo
331 1303 360 1360 in
387 1323 423 1362 eo
451 1323 510 1362 non
539 1303 709 1380 adoptionis
736 1303 800 1360 iure
828 1301 940 1380 (neque
967 1304 1046 1362 enim
1075 1300 1234 1380 quisquam
1261 1306 1319 1364 fuit
1345 1326 1380 1364 eo
1405 1317 1539 1386 tempore

213 1403 279 1460 eius
303 1405 445 1475 nominis,
468 1422 486 1461 a
508 1423 567 1480 quo
589 1403 790 1479 adoptaretur,
812 1411 842 1462 et
863 1403 1011 1462 mansisse
1033 1423 1101 1462 euro
1122 1405 1153 1464 in
1175 1405 1265 1464 domo
1286 1405 1404 1466 LIciuia
1425 1408 1540 1469 Seneca

214 1503 385 1580 significat),
407 1505 460 1564 sed
480 1506 575 1580 patris
597 1505 730 1563 arbitrio.
774 1502 858 1562 Haec
878 1505 1103 1563 nomenclatura
1123 1513 1264 1582 paternae
1286 1507 1392 1567 domus
1414 1509 1538 1568 nobilis·

213 1605 307 1663 simae
328 1624 365 1662 ne
386 1606 544 1684 vestigium
566 1604 686 1681 quidem
708 1621 832 1664 servans
853 1605 917 1664 inre
939 1605 1071 1677 offendit,
1093 1607 1222 1665 maxime
1244 1608 1274 1665 in
1296 1625 1332 1666 eo
1353 1609 1427 1680 lilio,
1449 1627 1538 1685 quem

213 1714 285 1764 natu
313 1707 476 1764 marimum
503 1707 597 1765 luisse
622 1724 693 1764 mox
716 1706 891 1764 videbimus.
935 1705 996 1766 Sed
1022 1707 1095 1765 talia
1120 1708 1176 1766 hac
1204 1715 1300 1767 aetate
1328 1709 1450 1768 ferenda
1470 1719 1541 1768 sunt

213 1823 309 1881 neque
337 1807 465 1867 sortasse
493 1804 569 1866 adeo
595 1806 730 1866 miranda
757 1807 788 1864 in
815 1807 934 1865 homine
960 1814 1021 1865 tam
1048 1807 1148 1878 fatuo,
1180 1818 1213 1867 ut
1239 1811 1282 1866 ait
1307 1807 1478 1885 Seneea²)‚
1507 1820 1540 1867 ut

213 1907 303 1966 etiam
330 1926 454 1985 regnare
479 1918 592 1986 posset.
636 1906 716 1968 Sane
738 1906 883 1968 Claudius
909 1924 1043 1984 qnoque,
1073 1909 1142 1965 huic
1164 1906 1292 1980 Crasso,
1321 1917 1355 1967 ut
1381 1911 1424 1967 ait
1451 1910 1538 1980 idem,

213 2013 274 2066 tam
301 2009 407 2068 similis
433 2028 523 2085 quam
549 2027 606 2066 oro
632 2029 734 2081 ovum,
762 2027 822 2067 nou
847 2008 977 2066 absimili
1005 2008 1121 2068 ratione
1148 2008 1266 2068 filiabus
1295 2011 1416 2068 nemina
1442 2010 1537 2085 impo-

212 2109 273 2167 suit
291 2109 442 2168 Antoniae
467 2117 498 2168 et
519 2110 674 2170 Octaviae.
696 2142 734 2152 -
763 2111 893 2184 Magnus
920 2109 1106 2185 periclitatus
1133 2110 1171 2168 ob
1197 2110 1227 2167 id
1252 2110 1351 2186 ipsum
1373 2127 1538 2186 cognomen

214 2210 269 2267 sub
291 2209 369 2269 Gaio
390 2208 425 2285 (†
439 2211 495 2287 41)
521 2220 643 2288 propter
667 2218 800 2270 teneram
823 2218 950 2269 aetatem
972 2210 1144 2281 iaevam,
1172 2219 1206 2268 ut
1226 2209 1403 2286 cognomine
1423 2217 1538 2269 tantum

213 2310 240 2368 ei
269 2310 540 2387 interdiceretur³).
585 2310 730 2372 Claudius
758 2310 865 2370 deinde
894 2320 924 2369 et
951 2310 982 2368 id
1009 2309 1037 2368 ei
1064 2309 1193 2368 reddidit
1220 2319 1250 2368 et
1275 2311 1367 2368 filiam
1396 2311 1538 2370 maiorem

212 2413 374 2470 Antoniam
397 2415 424 2472 ei
451 2435 478 2472 a
494 2415 531 2472 41
556 2413 588 2471 in
608 2413 829 2472 matrimonium
851 2411 942 2481 dedit,
965 2417 1070 2486 postea
1091 2429 1163 2470 vero
1184 2429 1252 2469 eum
1274 2409 1431 2469 interiecit.
1473 2409 1538 2469 Na·

212 2519 261 2569 tus
283 2513 375 2588 igitur
395 2515 436 2574 sit
456 2531 579 2574 necesse
600 2522 646 2573 est
666 2521 736 2573 ante
757 2532 785 2572 a.
802 2512 856 2584 273
878 2531 947 2571 narn
968 2512 1065 2570 minor
1080 2511 1175 2570 XIIII
1190 2511 1277 2570 annis
1292 2528 1417 2570 uxorem
1431 2510 1538 2570 ducere

214 2631 274 2672 non
295 2613 400 2689 potuit.

297 2713 325 2771 2.
370 2714 412 2774 Μ.
428 2714 562 2774 Licinius
581 2713 705 2774 Crassus
727 2714 822 2790 Frapi
830 2712 860 2788 ⁴)
882 2721 970 2772 natus
992 2731 1061 2770 esse
1083 2712 1200 2771 videtur
1222 2732 1248 2771 c.
1263 2731 1290 2770 a.
1308 2713 1357 2784 31,
1379 2731 1445 2769 cum
1468 2729 1537 2770 con-

214 2815 261 2873 sul
282 2819 379 2876 lactus
400 2816 438 2874 sit
460 2815 487 2873 a.
503 2835 532 2892 p.
549 2814 618 2874 Chr.
636 2815 684 2872 64.
729 2812 830 2886 Quare
852 2832 918 2872 cum
941 2821 1064 2891 propter
1084 2813 1221 2884 nomina,
1243 2831 1320 2888 quae
1341 2813 1446 2870 eadem
1468 2823 1539 2872 sunt

213 2925 303 2993 atque
328 2917 437 2995 patris,
465 2917 594 2974 filiorum
620 2925 692 2972 natu
719 2916 869 2973 maximus
890 2914 985 2973 fuisse
1007 2913 1101 2972 videri
1123 2913 1233 2989 possit,
1260 2913 1430 2971 coniectura
1450 2931 1486 2970 ea
1506 2914 1538 2971 in

212 3017 268 3075 hoc
292 3017 379 3076 fallit.
426 3017 521 3076 Periit
546 3017 711 3092 Imperante
737 3015 857 3074 Nerone
879 3012 913 3088 (†
930 3013 984 3090 68)
1011 3022 1169 3072 accusante
1194 3013 1235 3071 M.
1261 3013 1398 3087 Aquillio
1419 3011 1538 3090 Regulo

213 3119 300 3193 (Tac.
322 3118 392 3177 hist.
410 3121 437 3190 1,
451 3117 500 3175 48.
524 3117 557 3190 4,
573 3115 628 3187 42;
650 3117 729 3176 Plin.
751 3137 797 3193 ep.
815 3119 842 3186 l,
859 3116 892 3187 5,
909 3115 952 3190 3).
995 3113 1129 3174 Uxorem
1151 3113 1236 3172 duxit
1258 3109 1423 3187 Sulpiciam
1445 3113 1537 3172 Prae·

214 3228 357 3280 tentatam
379 3227 572 3294 etquattuor
593 3237 632 3276 ex
653 3237 690 3276 ea
711 3217 822 3276 liberos
844 3216 965 3275 sustulit
985 3214 1071 3288 (Tac.
1093 3214 1163 3271 hist.
1180 3214 1210 3284 4,
1225 3210 1290 3288 42).

226 3316 231 3324 ’
296 3320 323 3378 3.
374 3318 499 3378 Crassus
527 3316 773 3392 Scribonianum)
806 3315 942 3391 (reliqua
972 3314 1092 3372 nomina
1123 3329 1183 3370 non
1212 3312 1380 3387 accepimus
1409 3312 1536 3387 tradita)

211 3421 302 3479 fratre
323 3421 436 3480 Pisone
457 3427 529 3478 natu
550 3420 645 3478 maior
666 3426 737 3495 post
757 3435 823 3476 eum
845 3416 1017 3475 interiectus
1039 3421 1086 3473 est
1107 3411 1246 3486 (Tacitus
1262 3411 1330 3468 hist.
1349 3413 1375 3482 1,
1390 3409 1455 3485 48),
1477 3429 1536 3486 quo

213 3533 344 3599 tempore
370 3530 401 3580 et
425 3539 514 3596 quam
540 3521 579 3579 ob
602 3537 739 3589 causam,
764 3519 926 3594 ignoratur.
970 3513 1144 3590 Cognomen
1171 3509 1296 3568 alterum
1323 3529 1395 3568 cave
1422 3511 1536 3568 reseras

212 3623 366 3694 interea,
393 3641 470 3698 quae
496 3629 566 3697 post
593 3619 785 3697 adoptionem
813 3597 923 3676 iactam
949 3615 1089 3691 antiquae
1115 3609 1246 3671 familiae
1274 3610 1447 3669 memoriam
1473 3627 1536 3668 ser·

212 3763 415 3776 m

288 3859 312 3922 ¹)
342 3857 387 3909 Cn.
407 3859 540 3927 Pompeius
558 3857 684 3924 Mapoura
709 3858 781 3911 Suet.
801 3857 860 3909 Gai.
880 3856 924 3906 35.
950 3854 1041 3906 Claud.
1056 3855 1104 3914 273
1129 3851 1181 3901 Dio
1201 3850 1244 3912 60,
1260 3851 1284 3900 5.
1326 3845 1370 3899 Cn.
1389 3845 1531 3914 Pompeius:

212 3951 283 4004 Suet.
303 3950 394 4001 Claud.
409 3952 452 4002 29.
490 3948 615 4017 Mopsus:
635 3951 698 4000 Tac.
717 3949 777 3998 hist.
793 3949 880 4010 1,46;
900 3947 1000 3999 Seneca
1017 3943 1105 4008 apoth.
1121 3945 1169 4004 113
1189 3941 1241 3991 Dio
1261 3940 1305 4002 60,
1320 3941 1363 3991 21.

288 4037 313 4102 ²)
340 4042 438 4106 Apoth.
455 4045 501 4093 11:
522 4040 615 4092 oceidit
632 4041 659 4090 in
678 4056 728 4088 auu
747 4037 818 4088 domo
834 4035 958 4097 Graecum,
973 4033 1101 4102 Mopsum,
1117 4030 1283 4092 Scriboniam,
1303 4030 1445 4080 maeoniae
1463 4043 1533 4078 assa·

211 4133 311 4193 riouem,
332 4130 427 4184 nobiles
447 4139 533 4193 tomen,
557 4130 674 4182 Crocum
692 4145 751 4180 cero
770 4136 821 4178 tam
831 4127 940 4193 fatuum,
960 4133 988 4176 ιιι
1005 4127 1080 4178 etiam
1098 4138 1206 4190 rapuere
1220 4128 1315 4190 posset.
1347 4121 1434 4171 Verba
1452 4120 1534 4182 attuli,

211 4231 240 4272 ut
263 4238 393 4274 monerem
417 4225 444 4274 in
468 4225 613 4290 corruptela
638 4238 690 4272 non
714 4221 793 4272 latere
817 4221 923 4270 nomina
941 4219 1059 4282 propria,
1085 4230 1150 4281 quae
1168 4221 1208 4265 est
1225 4213 1314 4278 cpInio
1333 4219 1358 4262 et
1375 4213 1490 4276 priorum
1510 4217 1535 4259 et

210 4314 371 4376 Buecheleri,
390 4316 436 4366 sed
449 4315 602 4380 vituperium
621 4311 726 4377 aliquod
744 4311 891 4376 oppositum
910 4311 933 4359 ei
953 4324 1018 4374 quae
1031 4323 1092 4358 mox
1105 4306 1268 4372 praedicatur
1279 4303 1415 4354 nobilitati.
1446 4301 1535 4352 Potest

211 4403 290 4454 luime
309 4405 359 4454 tale
378 4406 500 4469 quiddam
520 4404 559 4454 lut
577 4417 706 4455 sumamus
725 4417 755 4452 es
773 4401 841 4452 male
858 4401 1015 4466 gemInatum
1035 4411 1089 4448 esse
1109 4394 1272 4455 alibrsriis)=
1292 4394 1340 4443 tria
1351 4391 1381 4441 di
1393 4389 1451 4441 honi
1462 4405 1533 4440 esaa-

211 4487 281 4566 rios',
297 4496 354 4546 dem
377 4493 473 4546 nobiles
496 4501 584 4546 tamen.
621 4493 744 4544 Assarim
766 4493 850 4557 potnit
872 4491 924 4542 dici
946 4491 1024 4540 homo
1049 4487 1123 4538 unius
1147 4485 1224 4546 assis,
1250 4490 1277 4534 ut
1300 4480 1483 4548 depositarius
1507 4486 1533 4528 et

211 4587 380 4638 sestertiarius
397 4584 468 4636 lonae
487 4587 579 4650 legitur
597 4585 665 4652 apud
683 4583 842 4635 Petronium.

286 4675 311 4740 ¹)
337 4677 391 4728 Dio
404 4677 447 4737 60,
463 4677 492 4727 52
511 4664 699 4744 καταψρὸνησας
717 4665 748 4732 alc
766 4670 807 4722 acl
824 4664 926 4720 παιδίου
944 4659 981 4717 ἔτ’
1000 4658 1075 4716 circii
1093 4652 1170 4720 ducac.

287 4765 312 4829 ⁴)
338 4768 447 4818 Plenum
467 4783 561 4818 nomen
579 4767 673 4832 legitur
691 4765 718 4814 in
736 4763 850 4814 ueterani
869 4760 1009 4825 ltplomate
1027 4755 1096 4822 apud
1113 4754 1262 4806 Hanasnum
1281 4749 1402 4800 116863.
1434 4744 1471 4798 Μ.
1485 4745 1531 4796 Li·

210 4860 304 4910 auius:
329 4859 393 4909 Tac.
411 4873 471 4910 anu.
491 4859 538 4921 15,
555 4858 600 4910 33.
641 4854 748 4908 &carue
766 4851 864 4919 Fruqir
887 4849 1003 4901 Frontin.
1027 4847 1150 4913 aq.102.
1188 4856 1295 4896 ...saur
1312 4837 1410 4903 Fruyir
1435 4838 1531 4888 Marini

210 4951 274 5000 Aru.
292 4965 318 5014 p.
333 4949 377 5000 61.
418 4945 538 5000 Gru-suu:
562 4949 625 5001 Tac.
644 4949 703 4998 hist.
718 4949 743 5008 1,
757 4946 801 4997 46.
821 4944 852 5006 4,
866 4941 916 5005 421
942 4941 1010 4992 Plio.
1030 4955 1069 5004 ep.
1086 4941 1109 5000 1,
1124 4936 1153 4998 6,
1169 4936 1185 4986 3
1209 4940 1234 4982 et
1258 4933 1284 4984 lu
1303 4931 1376 4983 lastis
1395 4929 1530 4994 chronogr.

210 5040 310 5101 11364,
330 5039 465 5100 Idatianis,
484 5039 550 5090 aliis.

287 5129 311 5191 ⁵)
338 5127 520 5181 Scribonianus
542 5125 662 5180 &macer
681 5128 743 5180 Tac.
763 5126 822 5176 hist.
835 5127 861 5186 4,
877 5124 920 5176 39.
958 5119 1153 5172 Scribonianus.-
1173 5117 1236 5168 Tac.
1255 5114 1315 5164 hist.
1331 5115 1355 5175 1,
1369 5113 1413 5164 47.

1270 5201 1330 5260 10·
