3736 5822
578 467 881 524 oessnvsrrouss
897 472 1017 524 emon.
1036 474 1076 525 n.
1096 475 1151 526 111.
1478 461 1525 532 67

191 641 350 703 Claudiam
373 659 414 700 ex
437 648 524 718 gente
546 641 673 718 patricia
692 641 796 700 inisse.
833 640 895 702 Sed
916 645 974 704 hoc
994 663 1082 724 nego,
1103 648 1185 724 quod
1205 657 1236 708 et
1250 649 1433 728 Borghesius
1447 654 1483 729 (l.
1498 675 1524 714 c.

191 764 221 821 p.
240 743 315 818 188)
336 750 368 800 ct
389 743 442 802 alii
464 759 568 802 omnes
590 741 785 812 admiserunt,
807 744 888 820 apud
910 743 1086 806 Suetonium
1102 746 1226 808 Claudii
1247 754 1307 811 cl
1329 755 1378 832 egi
1401 756 1438 814 de
1460 757 1525 816 alii·

191 846 284 904 nitate
308 842 429 904 Claudii
457 844 522 902 eius
549 843 601 918 qui
627 851 735 919 postea
758 845 896 920 regnavit
916 865 984 905 cnm
1006 845 1128 907 Silanis.
1172 849 1282 912 Scribit
1301 853 1344 912 ibi
1365 857 1525 933 Augustus

192 946 297 1021 paucis
323 954 393 1003 ante
419 951 546 1002 mortem
574 944 661 1002 annis
687 943 725 1002 ad
746 943 865 1003 Liviam
893 965 1017 1006 uxorem
1045 949 1090 1008 sic
1111 949 1148 1008 de
1170 949 1312 1012 Claudio:
1341 975 1444 1016 curare
1464 977 1525 1017 eum

193 1049 270 1106 ludis
291 1045 484 1104 Martialibus
507 1045 664 1103 triclinium
684 1047 860 1104 sacerdotum
880 1065 937 1104 noa
958 1049 1091 1124 displicet
1111 1051 1201 1122 nobis,
1222 1057 1251 1110 si
1272 1065 1313 1112 est
1331 1075 1475 1130 possm
1495 1079 1526 1120 te

191 1147 228 1206 ab
249 1147 350 1207 Silani
368 1147 433 1220 filio
458 1147 567 1204 dominc
594 1147 650 1204 cidi
676 1147 766 1218 odfini
794 1148 953 1218 admoneri,
979 1168 1014 1206 ne
1041 1151 1112 1224 quid
1130 1152 1230 1224 socios
1253 1157 1332 1230 quod
1352 1163 1479 1234 conspici
1499 1172 1525 1219 et

193 1251 320 1308 derideri
339 1252 439 1325 poscit.
485 1245 617 1320 Quinam
638 1247 666 1306 is
689 1265 755 1306 esse
777 1257 881 1322 posset
902 1247 999 1308 Silani
1020 1249 1115 1322 lilius,
1139 1252 1261 1312 difficile
1283 1255 1362 1314 dictu
1383 1259 1476 1332 iuret,
1498 1263 1524 1320 si

193 1349 315 1408 omnino
343 1349 380 1407 dc
407 1366 444 1406 ea
469 1367 502 1405 re
529 1347 732 1424 quaerendum
759 1358 850 1408 esset.
895 1351 935 1408 At
955 1350 1036 1426 quod
1058 1352 1156 1410 editur
1178 1372 1236 1412 non
1259 1365 1307 1415 est
1327 1357 1386 1416 nisi
1408 1362 1525 1420 coniec-

194 1458 260 1508 tura
281 1449 423 1508 Beroaldi
450 1467 555 1526 parum
584 1449 674 1519 ielix;
703 1449 733 1506 in
755 1449 840 1508 libris
862 1451 1000 1510 omnibus
1023 1461 1069 1510 est
1091 1453 1219 1524 Siluani,
1249 1475 1376 1534 cumque
1397 1459 1525 1522 Claudio

194 1569 270 1610 uxor
291 1551 388 1627 prima
408 1551 498 1608 luerit
512 1550 633 1608 Plautio
647 1549 838 1626 Urgulanilla
860 1551 923 1610 filiu
937 1553 978 1612 M.
994 1551 1105 1612 Plautii
1120 1551 1236 1614 Silvani
1258 1559 1391 1619 consulis
1413 1581 1440 1621 a.
1454 1563 1524 1638 752,

195 1669 280 1710 soror
308 1651 421 1710 Plautii
445 1650 560 1711 Silvani
587 1651 736 1727 praetoris
762 1670 789 1709 a.
807 1649 845 1710 22
861 1672 889 1728 p.
907 1651 977 1711 Chr.
1005 1657 1161 1713 memorati
1189 1658 1268 1732 apud
1291 1658 1428 1720 Tacitum
1456 1683 1524 1724 ann.

193 1754 223 1822 4,
239 1751 278 1810 22
299 1753 485 1829 aliorumque
500 1752 688 1811 Plautiorum
703 1761 942 1812 enumeratorum
958 1755 1037 1830 apud
1052 1755 1269 1832 Nipperdeium
1285 1759 1323 1816 cd
1337 1761 1365 1819 b.
1380 1763 1401 1821 l.
1418 1763 1525 1838 Taciti,

194 1853 377 1932 intellegitur
398 1853 519 1911 omnino
540 1853 647 1911 horum
670 1853 779 1929 al'xpuis
802 1851 920 1912 Claudii
942 1852 1048 1912 Liviae
1071 1857 1188 1931 nepotis
1210 1868 1367 1935 cognatus.

757 2048 959 2056 m

415 2215 474 2272 111.
517 2213 575 2272 DE
598 2211 702 2272 FIDE
724 2212 980 2273 LEONHARDI
1002 2213 1307 2278 GVTENSTENII.

277 2351 361 2409 Inter
392 2367 458 2422 eos,
493 2351 545 2427 qui
575 2351 716 2426 privatim
750 2350 806 2409 sibi
840 2350 1007 2425 proluerint
1036 2351 1067 2409 in
1097 2353 1192 2428 copiis
1225 2356 1425 2433 epigrapbicis
1457 2379 1527 2420 con·

194 2452 342 2528 gerendis,
365 2450 513 2510 Gruterus
535 2469 643 2510 nomen
668 2452 771 2527 posuit
794 2451 964 2509 Leonhardi
987 2449 1175 2512 Gutenstenii
1202 2455 1267 2516 iure
1294 2459 1424 2518 consulti
1447 2463 1526 2522 eius·

194 2571 252 2630 que
288 2553 417 2610 hominis
453 2553 572 2611 aliunde
604 2553 678 2610 mibi
709 2553 805 2629 ignoti
837 2553 868 2612 in
900 2554 1085 2627 praefatione
1116 2554 1153 2612 de
1186 2572 1242 2615 sus
1273 2558 1390 2638 sylloge
1422 2565 1528 2623 merita

194 2654 363 2713 accuratius
384 2663 512 2712 enarrat.
554 2654 685 2714 Iuvenes
706 2653 782 2712 duos
806 2651 1037 2712 Gutenstenium
1064 2655 1147 2714 illum
1174 2664 1205 2715 et
1230 2655 1399 2734 Gusperum
1421 2659 1527 2742 Sciop-

195 2756 277 2832 pium
297 2755 412 2814 Romae
440 2755 581 2832 degentes
610 2774 665 2831 pro
692 2773 793 2812 amore
815 2754 845 2811 in
872 2773 904 2812 se
925 2753 1142 2830 Velserumque
1168 2752 1318 2834 ‘quicquid
1345 2779 1526 2824 marmorum

196 2857 328 2933 quotidie
349 2876 403 2933 per
417 2856 544 2914 Romam
565 2856 635 2914 hinc
656 2856 725 2914 inde
747 2861 909 2924 erueretur,
933 2874 1034 2914 eorum
1057 2855 1286 2918 delineationem
1306 2863 1526 2937 septimanatim

194 2958 256 3016 lere
278 2974 378 3016 secum
400 2957 637 3017 communicasse
659 2957 726 3033 ipso
749 2955 950 3018 Gutenstenio
972 2956 1133 3016 adhibente
1155 2977 1276 3018 manum
1298 2978 1384 3022 suam
1406 2983 1528 3026 accura-

196 3054 361 3118 tissimam’.
401 3037 607 3118 Ab'lohanne
629 3057 752 3116 Metello
774 3058 925 3134 adscripta
945 3058 984 3116 ud
1005 3076 1115 3134 corpus
1137 3059 1376 3136 Maaochianum‚
1399 3083 1476 3142 quae
1497 3077 1529 3126 ut

198 3173 227 3220 et
256 3161 317 3220 alia
344 3159 424 3218 domi
452 3178 523 3219 suae
551 3168 672 3218 servata
697 3159 846 3220 obtulerat
867 3158 1014 3218 Horatius
1036 3177 1055 3216 a
1077 3158 1166 3218 Valle
1192 3159 1256 3220 iure
1281 3165 1449 3237 consultus,
1475 3186 1527 3225 eos

197 3260 394 3336 descripsisse
415 3270 447 3318 et
466 3261 602 3331 misisse;
624 3260 696 3318 item
719 3257 903 3318 Smetiunum
925 3259 1058 3317 codicem
1081 3277 1120 3316 ex
1140 3258 1328 3320 Farnesisna
1349 3264 1528 3326 bibliotheca

198 3361 340 3422 aFulvio
354 3359 468 3420 Ursino
490 3361 548 3422 sibi
570 3363 760 3436 impetratum
782 3377 835 3420 eos
857 3359 1022 3418 contulisse
1043 3378 1110 3416 cum
1130 3357 1291 3420 Smetienis
1312 3363 1400 3422 editis
1422 3375 1452 3424 et
1473 3368 1527 3425 mi-

198 3465 274 3523 sisse
300 3481 377 3538 quae
397 3463 440 3521 ibi
461 3463 530 3538 plus
553 3461 677 3520 aliterve
698 3462 875 3539 legerentur.
918 3459 1058 3534 Denique
1079 3478 1146 3518 cum
1167 3459 1260 3519 addat
1281 3460 1430 3522 Gruterus
1453 3465 1526 3524 Ful·

198 3565 277 3622 vium
298 3563 444 3622 Ursinum
471 3564 597 3622 schedas
618 3579 690 3620 suas
712 3563 872 3638 plerasque
893 3569 946 3617 aut
967 3562 1049 3636 ipsas
1070 3579 1125 3636 per
1144 3559 1302 3620 Velserum
1324 3565 1527 3625 transmisisse

198 3676 249 3724 aut
275 3665 390 3723 Romae
419 3664 563 3724 obtulisse
592 3662 817 3734 describendas,
846 3661 969 3719 dubium
997 3679 1057 3719 non
1083 3670 1131 3720 est
1157 3662 1343 3722 describendi
1370 3665 1470 3725 officio
1497 3669 1526 3725 in

198 3765 244 3825 his
271 3783 391 3841 qnoque
417 3765 537 3824 iunctos
559 3782 627 3824 csse
647 3765 771 3822 iuvenes
793 3763 862 3820 illos
884 3770 914 3820 et
934 3763 1066 3820 maxime
1088 3760 1332 3838 Gutenstenium,
1362 3785 1429 3825 cum
1451 3787 1527 3845 quae

199 3874 322 3944 accepta
347 3866 483 3925 seruntur
509 3864 622 3925 Ursino
649 3867 680 3924 in
707 3883 831 3940 corpore
858 3863 971 3938 passim
1001 3881 1054 3937 per
1081 3861 1312 3923 Gutenstenium
1341 3869 1459 3927 venisse
1487 3870 1531 3928 di-

199 3979 312 4027 cantnr.
356 3967 436 4025 Huic
463 3966 659 4044 praelationis
688 3963 870 4040 expositioni
898 3963 966 4037 ipsa
987 3963 1104 4038 sylloge
1125 3965 1201 4023 ostis
1223 3967 1399 4041 respondet,
1427 3971 1530 4028 titulos

199 4069 347 4146 quosdam
367 4068 501 4128 referens
523 4067 553 4126 in
576 4068 647 4126 urbe
671 4065 837 4140 descriptos
859 4083 878 4121 a
893 4061 1091 4122 Gutenstenio
1115 4064 1197 4138 (nam
1213 4063 1347 4143 Scioppii
1369 4086 1476 4129 nornen
1498 4072 1528 4128 in

200 4189 324 4246 corpore
343 4170 441 4227 rarius
463 4167 669 4242 memoratur),
691 4166 722 4223 in
744 4164 949 4241 compluribus
971 4171 1071 4222 autern
1088 4162 1278 4224 Gutenstenii
1300 4185 1406 4228 nomen
1426 4171 1531 4230 adiun-

201 4290 273 4348 gens
295 4271 418 4329 Metello
439 4268 603 4339 Ursinove‚
629 4277 664 4326 ut
687 4265 776 4325 etiam
799 4283 849 4336 ea,
877 4282 953 4339 quse
976 4264 1074 4322 solum
1095 4264 1208 4324 Metelli
1230 4285 1338 4326 nomen
1360 4270 1532 4346 subscripta

201 4372 321 4442 babent,
344 4371 445 4428 omnis
466 4388 643 4445 eorumque,
672 4385 748 4444 quac
770 4367 826 4424 sub
847 4364 953 4424 Ursini
975 4364 1096 4422 nominc
1117 4366 1319 4441 proferuntur,
1341 4377 1457 4444 partem
1479 4371 1533 4427 ali·

202 4491 291 4551 quam
315 4471 446 4531 Grutero
469 4491 488 4529 s
509 4469 709 4530 Gutenstenio
737 4466 964 4526 subministrata
985 4481 1051 4522 csse
1072 4473 1151 4522 recte
1173 4467 1312 4526 conicias.
1354 4467 1456 4540 Quare
1478 4471 1533 4527 ali-

202 4573 273 4650 quid
295 4573 437 4631 momenti
457 4571 580 4631 habebit
601 4571 639 4628 ad
661 4569 764 4628 titulos
785 4567 918 4626 maxime
933 4565 1064 4623 urbanos
1079 4570 1159 4622 recte
1173 4567 1373 4626 aestimandos
1387 4567 1531 4627 iudicium

203 4673 239 4732 de
259 4673 317 4732 fide
340 4674 435 4750 ipsius
451 4671 650 4741 Gutenstenii‚
673 4687 763 4744 quam
785 4668 882 4726 adbuc
903 4666 982 4741 quod
1005 4667 1097 4724 sciam
1120 4683 1208 4722 nemo
1223 4666 1390 4724 indubium
1405 4670 1534 4728 vocavit.

204 4771 282 4834 Sane
304 4775 335 4832 in
356 4775 460 4834 multis
481 4774 543 4832 illis
565 4782 596 4831 et
609 4771 713 4842 variis,
737 4789 813 4846 quae
835 4767 919 4826 misit
935 4764 1076 4838 Grutero‚
1097 4765 1185 4824 etiam
1206 4767 1387 4842 interpolata
1407 4778 1438 4828 et
1455 4769 1534 4832 falsa

204 4875 325 4951 reperiri
353 4883 471 4933 constat
497 4892 594 4950 neque
621 4872 655 4929 id
680 4890 734 4947 per
759 4887 792 4928 sc
817 4869 874 4945 ipsi
902 4867 976 4925 vitio
1002 4865 1078 4926 verti
1103 4865 1198 4926 debet.
1244 4865 1395 4928 Volumen
1418 4869 1536 4948 Ligurii

205 4977 285 5052 quod
304 4974 491 5046 fatetimini,
513 4993 593 5033 nunc
614 4980 661 5030 est
674 4971 706 5029 in
720 4968 902 5028 bibliotheca
913 4968 1060 5027 Vaticana
1080 4985 1110 5024 n.
1128 4965 1221 5039 3439,
1243 4969 1355 5028 dudum
1369 4979 1474 5030 notum
1489 4981 1536 5031 est

207 5077 330 5154 allegari
352 5077 433 5154 apud
448 5073 611 5136 Gruterum
626 5071 682 5132 sub
696 5071 783 5130 titulo
799 5069 1037 5140 Ursinianorum‚
1058 5067 1219 5146 ipsumque
1233 5079 1393 5148 proptenea
1406 5055 1536 5133 bominis

1289 5169 1331 5229 5³
