3712 5838
356 572 431 642 254
664 584 942 638 nisinunsaena
966 585 1014 634 un
1041 583 1183 636 mamre
1209 582 1364 637 anurc1s.

354 779 414 820 non
437 761 532 820 solum
554 775 613 817 non
634 766 744 827 utatur,
767 757 820 814 scd
842 755 931 814 etiam
953 755 1060 813 tribum
1082 754 1311 831 (rao[msntioa)
1335 747 1449 814 nomini
1469 755 1622 834 adiungat,
1647 756 1680 815 id

355 861 436 938 qnod
456 861 490 918 in
511 861 555 918 eis
578 859 642 916 fieri
663 856 819 916 consuevit
840 857 892 932 qni
913 856 1087 932 cognomine
1108 857 1228 915 omnino
1250 865 1365 928 carent,
1391 875 1459 915 eum
1479 877 1498 914 a
1522 855 1556 914 0.
1578 857 1677 916 Μοήο

355 962 499 1022 Marcello
519 959 597 1018 tituli
618 959 713 1017 nostri
734 955 974 1032 distinguendum
995 974 1114 1015 censeo.

443 1059 490 1118 12.
517 1059 554 1118 In
580 1061 639 1118 fine
663 1059 752 1116 huius
779 1057 1095 1116 commentatiunculae
1122 1056 1224 1134 paucis
1250 1055 1350 1115 verbis
1377 1055 1414 1115 dc
1439 1056 1536 1118 titulis
1561 1057 1678 1117 dnobus

354 1179 514 1237 exponam,
536 1160 574 1219 de
595 1161 703 1236 quibus
718 1178 777 1217 nou
796 1165 877 1217 recte
892 1157 987 1217 editor
1003 1155 1139 1216 Graecus
1155 1157 1298 1216 statuisse
1312 1156 1436 1217 videtur.
1469 1158 1557 1216 Alter
1578 1157 1677 1216 editos

353 1270 401 1320 est
422 1279 441 1320 a
463 1259 507 1322 St.
529 1260 710 1319 Kumanude
735 1260 767 1317 in
791 1259 895 1318 libello
921 1247 1096 1340 ’Ensppmpol
1115 1249 1276 1327 Ἑλληνικαὶ
1302 1291 1340 1302 -
1367 1290 1405 1300 -
1428 1249 1599 1326 ἔκδοδὸμεναι
1625 1251 1677 1315 δα·

354 1353 428 1438 πείνῃ
449 1363 500 1432 τῆς
521 1360 549 1418 ἐν
569 1351 711 1430 Ἀθήναις
731 1356 871 1442 ἀρχικοὶ..
891 1351 1021 1442 ἑταιρίας.
1041 1358 1171 1417 Athenis
1195 1357 1284 1430 1860,
1306 1354 1350 1440 dp.
1368 1359 1417 1430 39,
1440 1358 1564 1434 eiusque
1586 1359 1678 1418 verba

354 1464 398 1521 ila
419 1479 452 1522 se
472 1462 597 1521 habent:
627 1455 661 1516 ‘0
685 1453 772 1528 δῆμος
790 1458 795 1535 Ι
813 1449 899 1516 Γάιον
916 1451 1036 1517 Ἀσίνιον
1056 1459 1061 1536 Ι
1078 1449 1163 1516 Γαΐου
1184 1453 1232 1516 dlv
1250 1458 1256 1534 Ι
1274 1452 1434 1542 στρατηγδν
1451 1459 1456 1535 Ι
1476 1448 1677 1535 ἀποδεδειγμέ-

354 1584 400 1620 νον
418 1562 423 1638 Ι
442 1557 542 1644 riparia
562 1551 643 1617 ἕνεκα
668 1556 673 1638 Ι
695 1550 744 1616 καὶ
772 1551 880 1620 advolas
902 1555 909 1638 Ι
931 1562 983 1629 τῆς
1008 1557 1047 1620 sic
1073 1552 1172 1616 ἓοιυτδν
1197 1554 1202 1639 Ι
1227 1548 1376 1629 ἀνέθηκεν.
1422 1559 1511 1618 Hunc
1536 1560 1677 1618 Asinium

354 1663 525 1722 Pollionem
546 1649 742 1720 Kumanudes
767 1677 835 1720 esse
856 1661 921 1719 uult
941 1660 1069 1719 nobilem
1094 1659 1267 1734 „politicum
1288 1669 1318 1719 et
1339 1660 1558 1744 historicuml‘,
1572 1679 1676 1737 qnam·

354 1782 444 1840 quam
465 1764 491 1822 is
513 1762 593 1838 apud
614 1762 775 1836 scriptores
793 1759 886 1819 Gaesi
906 1761 986 1818 filius
1009 1760 1133 1831 dicatur,
1155 1779 1221 1818 cum
1243 1762 1273 1819 in
1295 1769 1398 1820 nostro
1418 1761 1507 1819 titulo
1529 1762 1674 1836 scriptum

355 1865 395 1923 ait
415 1855 499 1921 Falce
522 1853 580 1921 ὑόν.
624 1859 685 1920 Sed
712 1880 748 1919 ea
773 1862 840 1937 ipsa
861 1861 897 1919 de
923 1879 1016 1919 cansa
1036 1861 1154 1920 nonde
1176 1860 1283 1919 Asinio
1304 1860 1442 1920 Pollione
1462 1861 1675 1939 intelligendus

352 1973 399 2024 est
419 1964 536 2034 titulus,
562 1962 616 2020 sed
637 1962 675 2020 ad
696 1961 785 2020 huius
806 1961 902 2019 filium
925 1961 956 2021 C.
979 1962 1115 2020 Asinium
1138 1959 1256 2019 Gallam
1276 1979 1337 2020 cos.
1361 1961 1379 2020 8
1402 1979 1428 2020 a.
1451 1959 1523 2020 (lhr.
1545 1963 1675 2020 releren-

352 2065 423 2124 dnm
449 2081 517 2121 esse
543 2062 790 2126 verisimillimum
812 2071 872 2133 est;
904 2061 947 2118 ita
972 2061 1141 2139 inscriptio,
1175 2061 1287 2137 qnippe
1313 2078 1390 2137 qnae
1416 2079 1483 2119 eum
1507 2068 1675 2139 praetorem

354 2166 540 2243 designatum
562 2171 656 2234 vocet,
679 2181 758 2220 auno
782 2161 819 2218 12
842 2171 895 2219 aut
919 2162 953 2219 ll
976 2181 1004 2220 a.
1027 2159 1097 2220 (lhr.
1120 2161 1286 2237 composita
1311 2161 1350 2220 sit
1370 2178 1494 2220 necesse
1514 2172 1569 2221 est
1614 2159 1675 2223 Sed

352 2272 452 2343 potest
473 2264 561 2322 etiam
583 2263 708 2338 cogitari
729 2263 766 2320 de
786 2262 874 2320 huius
895 2261 957 2318 filio
974 2261 1005 2321 C.
1022 2261 1125 2320 Asinio
1139 2261 1268 2320 Pollione
1287 2261 1404 2320 iuniore
1425 2279 1486 2320 cos.
1501 2261 1539 2321 23
1555 2280 1585 2337 p.
1602 2261 1673 2322 Chr.

354 2365 440 2424 Alter
462 2364 567 2422 titulus
588 2382 607 2421 a
627 2361 806 2421 Kumanude
828 2363 859 2419 in
880 2362 983 2420 eodem
1004 2361 1104 2421 libello
1127 2358 1170 2444 cip.
1195 2363 1234 2420 40
1256 2370 1285 2420 et
1306 2382 1325 2419 a
1342 2361 1504 2420 Pittakisio
1523 2362 1555 2422 iu
1575 2363 1674 2441 Ephe·

353 2466 464 2524 merida
489 2463 716 2539 archaeologica
742 2482 770 2520 n.
793 2461 875 2520 4080
906 2462 1004 2522 editus
1024 2457 1058 2518 ‘0
1082 2456 1167 2532 δῆμος
1190 2461 1195 2538 Ι
1221 2451 1345 2519 Πόπλιον
1371 2453 1528 2544 ΚορνήλιΙον
1548 2455 1674 2522 Ποπλίου

352 2562 402 2626 dlv
428 2554 627 2646 ΔοΙλοβᾶλλον
654 2557 822 2646 πρατηΙγόν
848 2558 948 2645 ἀρετῆς
973 2552 1071 2619 ἕνεκεν·
1118 2564 1218 2638 Atque
1243 2563 1425 2622 Pittekisius
1450 2563 1571 2638 quidem
1599 2564 1674 2624 nihil

353 2667 474 2726 omnino
496 2665 533 2723 de
555 2683 591 2722 eo
613 2663 700 2721 titulo
722 2663 803 2735 dicit,
824 2663 1019 2721 Kumanudes
1041 2681 1123 2734 vero,
1144 2663 1235 2721 homo
1262 2671 1291 2722 et
1312 2663 1466 2740 diligentia
1489 2672 1519 2722 ct
1539 2664 1675 2724 doctrina

352 2768 496 2843 insignis,
521 2765 600 2821 bunc
624 2763 817 2821 Dolabellam
844 2764 989 2839 collegam
1012 2763 1137 2822 Antonii
1163 2764 1196 2821 in
1223 2765 1381 2823 consulatu
1403 2763 1459 2839 (44
1479 2783 1507 2824 a.
1530 2763 1617 2842 chr.)
1643 2775 1674 2825 et

353 2885 493 2946 generum
516 2863 669 2924 Ciceronis
690 2881 758 2922 esse
780 2863 852 2921 vult.
897 2862 966 2937 Qua
993 2865 1023 2922 in
1048 2883 1081 2923 re
1103 2873 1202 2923 tamen
1223 2866 1346 2924 erravit:
1376 2883 1446 2924 nam
1472 2865 1558 2925 illum
1586 2884 1672 2944 prae·

353 2977 448 3026 torem
474 2982 534 3022 non
559 2963 669 3035 luisse,
704 2963 757 3021 sed
782 2964 897 3023 omissa
917 2971 1059 3041 praetura
1085 2965 1187 3025 statim
1220 2965 1258 3023 ad
1287 2965 1476 3024 consulatum
1501 2968 1674 3041 pervenisse

352 3066 485 3144 Appiani
510 3073 541 3123 et
567 3063 677 3122 Dionis
704 3064 883 3125 testimoniis
910 3073 1029 3124 constat
1060 3065 1113 3142 (cl.
1139 3067 1322 3136 Mommsen,
1356 3067 1425 3125 raim.
1455 3067 1672 3126 Stactarcclttl

351 3187 381 3245 p.
404 3166 488 3243 443).
525 3164 626 3240 Quare
646 3165 837 3225 Dolabellam
856 3176 1026 3241 praetorem,
1048 3167 1100 3242 qui
1121 3168 1153 3224 in
1174 3167 1261 3225 titulo
1279 3167 1380 3225 Attico
1403 3176 1458 3240 est,
1479 3169 1582 3244 potius
1603 3186 1672 3227 con·

353 3268 448 3328 sulem
470 3268 541 3325 anni
564 3267 602 3325 10
623 3285 652 3342 p.
676 3264 746 3325 (lhr.
770 3283 836 3325 esse
858 3276 941 3343 poto,
963 3285 1052 3343 quem
1076 3267 1158 3326 illius
1179 3267 1273 3325 filium
1295 3268 1391 3326 luisse
1412 3268 1475 3326 veri
1496 3268 1596 3327 simile
1616 3276 1670 3328 est.

350 3369 427 3427 Post
447 3387 514 3426 eum
535 3385 596 3426 non
617 3367 716 3425 solum
737 3368 789 3442 qui
811 3385 888 3425 unus
911 3367 950 3425 ad
971 3346 1157 3427 consulatum
1178 3369 1314 3444 pervenit
1335 3366 1491 3427 Cornelius
1511 3368 1673 3428 Dolabella

351 3464 405 3545 (86
428 3486 456 3543 p.
480 3465 577 3542 Cha),
598 3468 650 3542 qui
670 3467 752 3526 illius
773 3485 866 3544 nepos
890 3469 956 3526 sine
977 3467 1066 3525 dubio
1086 3466 1152 3540 luit,
1174 3467 1268 3527 Servii
1288 3485 1470 3545 praenomen
1491 3470 1595 3545 gessit,
1617 3470 1672 3530 sed

351 3569 440 3628 etiam
468 3569 556 3626 huins
584 3577 713 3644 patrem,
741 3568 824 3626 illius
850 3568 942 3626 filium
969 3568 1074 3626 eodem
1099 3569 1292 3644 praenomine
1314 3587 1402 3628 usum
1423 3587 1500 3642 esse,
1522 3588 1562 3628 ex
1582 3570 1671 3630 titulo

351 3667 595 3729 Orelli-Henzen
622 3667 702 3726 5999
730 3675 870 3744 apparet,
901 3669 952 3727 ubi
981 3668 1086 3727 consul
1113 3670 1184 3728 anni
1213 3669 1253 3728 86
1281 3679 1404 3729 vocatur
1429 3668 1494 3728 Sor.
1521 3668 1670 3730 Gemellae

351 3769 414 3828 Ser.
436 3769 464 3843 s.
491 3768 525 3826 P.
548 3786 610 3843 nep.
633 3768 668 3826 P.
692 3787 776 3843 pron.
798 3768 835 3826 P.
858 3769 923 3827 ala.
949 3769 1107 3828 Dolabella
1127 3769 1296 3828 Metiliaaaa
1323 3769 1476 3845 Pompeias
1497 3770 1668 3831 Marcellus.

351 3867 449 3943 Quam
478 3868 570 3946 igitur
596 3868 701 3926 consul
728 3869 798 3926 anni
826 3869 864 3926 10
886 3888 915 3944 p.
939 3867 1009 3928 Chr.
1036 3870 1260 3929 recentissimus
1287 3887 1355 3929 esse
1382 3870 1532 3942 videatur,
1557 3872 1610 3948 qui
1636 3871 1670 3930 in

348 3970 405 4029 hac
425 3969 522 4045 gentis
545 3966 702 4028 Corneliae
724 3968 817 4044 stirpe
835 3967 958 4029 Pollius
979 3970 1149 4062 nominatus
1170 3971 1274 4043 fuerit,
1303 3971 1330 4030 ei
1351 3971 1456 4031 titulus
1476 3970 1595 4032 Atticus
1617 3972 1670 4031 ad·

349 4068 522 4128 scribendus
543 4069 608 4128 erit.

1208 4327 1464 4390 D1rnnuannosa
