3712 5838
592 581 1025 638 oasnnvsrronnsnmoa.
1045 585 1097 637 ιιι.
1431 567 1506 641 113

590 789 646 848 XI.
691 794 914 850 ΣΤΡΑΤΗΓΟΣ
938 796 1102 852 roaros.
1210 855 1214 862 .

265 925 495 1003 Magistratuum
510 923 712 982 Romanorum
729 923 874 984 vocabula
894 926 1034 986 credibile
1056 935 1102 986 est
1122 937 1237 990 mature
1252 929 1380 992 Graecis
1400 935 1442 993 ita
1463 937 1508 994 in-

183 1027 331 1098 notuisse,
357 1035 401 1096 ut,
416 1027 449 1084 in
475 1042 577 1083 eornm
602 1023 732 1102 linguam
755 1033 997 1086 converterentur
1017 1045 1077 1086 non
1097 1047 1153 1106 pro
1162 1030 1270 1090 dubita
1290 1033 1432 1106 cuiusvis,
1454 1036 1508 1095 aed

182 1127 395 1186 consuetudine
416 1133 536 1204 recepta
551 1131 582 1184 et
596 1143 652 1184 usn
667 1124 816 1184 sollemni.
851 1124 931 1185 Nam
946 1134 979 1185 ut
992 1127 1144 1189 mittamus
1159 1139 1295 1192 auctores
1311 1131 1464 1195 Cumanos
1478 1145 1509 1196 et

181 1227 411 1305 Neapolitanos,
433 1237 512 1286 certe
533 1225 584 1302 qui
605 1227 686 1302 regis
700 1225 810 1304 Pyrrhi
831 1243 880 1284 res
900 1235 1002 1303 gestas
1018 1225 1209 1306 Siculumque
1224 1231 1334 1293 bellum
1348 1238 1510 1298 narrabant

184 1315 292 1389 Graeci
317 1327 453 1386 homines
475 1326 583 1386 au'mmi
604 1325 797 1403 magistratus
819 1325 899 1404 apud
919 1327 1073 1386 Romanos
1095 1338 1177 1388 certa
1197 1331 1437 1394 denominatione
1459 1355 1508 1396 ca·

182 1448 247 1488 rere
269 1447 329 1486 non
350 1434 521 1505 potuerunt.
557 1426 622 1486 Iam
643 1426 670 1485 is
692 1427 748 1486 etsi
770 1427 897 1486 testibus
912 1425 1085 1504 Scipionum
1108 1429 1216 1507 elogiis
1237 1433 1305 1507 ipso
1324 1435 1429 1509 quinto
1444 1454 1507 1496 sae·

183 1530 251 1589 culo
272 1528 378 1588 consul
399 1528 614 1604 appellabatur,
635 1544 731 1604 neque
752 1527 851 1587 solum
872 1527 928 1587 boc
942 1530 1008 1588 eius
1022 1529 1200 1589 vocabulum
1214 1532 1309 1592 inisse
1324 1551 1421 1610 neque
1435 1539 1509 1596 auti·

183 1631 370 1706 quissimum,
393 1628 446 1687 sed
467 1627 594 1688 eundem
616 1626 777 1704 aliquando
798 1627 858 1688 dici
879 1628 1002 1688 solitum
1023 1648 1092 1690 esse
1113 1638 1143 1688 et
1162 1641 1269 1708 postea
1289 1651 1408 1710 quoque
1428 1643 1509 1696 recte

183 1730 241 1789 diei
263 1729 399 1806 potuisse
419 1737 586 1807 praetorem
606 1729 770 1787 maximum
784 1727 884 1787 idonei
899 1737 1036 1790 auctores
1049 1731 1235 1792 tradiderunt
1257 1733 1354 1808 (Fest.
1370 1754 1398 1795 v.
1413 1739 1510 1796 maxi·

183 1849 264 1890 mum
290 1838 457 1907 praetorem
484 1849 514 1908 p.
532 1829 605 1902 161;
632 1828 699 1887 Liv.
720 1829 750 1902 7,
770 1828 813 1904 6).
858 1826 967 1889 Graeci
990 1829 1098 1890 deinde
1119 1833 1145 1891 si
1166 1835 1337 1908 quaerimus
1359 1837 1509 1912 quomodo
1600 1871 1602 1876 ·

182 1929 335 1992 consulem
363 1930 545 2008 appellarint
570 1930 602 1988 in
627 1929 846 2005 antiquissimis
872 1947 950 2006 quae
976 1931 1096 2006 quidem
1125 1941 1287 2009 supersunt
1313 1935 1509 2009 documentis,

183 2031 220 2090 Τ.
243 2031 432 2092 Flamininus
454 2049 518 2090 cos.
543 2050 571 2089 a.
588 2030 648 2091 556
675 2030 783 2090 dicitur
803 2030 834 2090 in
855 2030 986 2107 epistula
1006 2032 1101 2110 ipsius
1123 2034 1235 2111 scripta
1256 2037 1294 2094 ad
1316 2033 1509 2113 Cyretienses

183 2131 360 2193 Thessaliae
378 2131 523 2211 populum
548 2129 598 2208 (0.
615 2131 640 2190 Ι.
658 2129 713 2191 Gr.
734 2151 763 2189 ιι.
783 2131 876 2208 1710)
897 2126 1055 2215 στραιηγδι
1073 2124 1180 2194 ὕπατος
1198 2129 1339 2203 Ῥωμαίων
1360 2138 1509 2198 similiter-

182 2251 241 2310 que
261 2234 293 2292 in
312 2233 399 2292 titulo
425 2232 563 2292 dedicato
584 2233 612 2291 ei
634 2251 653 2290 a
675 2230 893 2310 Gytbiensibus
916 2230 965 2309 (0.
983 2232 1008 2290 Ι.
1026 2231 1079 2293 Gr.
1102 2233 1256 2312 ussto),
1277 2237 1336 2296 nisi
1356 2238 1437 2314 quod
1462 2241 1509 2300 hie

183 2351 243 2394 non
264 2333 383 2393 additur
401 2325 551 2402 ‘Populea
588 2332 700 2394 Eadem
723 2333 924 2411 appellatione
945 2335 1109 2417 στρατηγοῦ
1126 2325 1238 2394 ὑπάτου
1256 2329 1398 2405 Ῥωμαίων
1420 2340 1512 2400 utitur

183 2435 375 2512 magistratus
403 2435 429 2494 is
455 2435 507 2510 qni
533 2434 693 2512 epistulam
721 2433 760 2492 ad
788 2432 985 2492 Heracleotas
1007 2433 1115 2493 Cariae
1144 2436 1224 2494 dedit
1251 2438 1392 2498 insertam
1422 2451 1452 2500 et
1478 2442 1509 2500 in

185 2532 219 2594 C.
235 2535 259 2594 1.
275 2532 331 2595 Gr.
353 2555 383 2594 n.
399 2534 481 2595 3800
502 2543 533 2594 et
552 2535 672 2612 plenius
694 2535 726 2592 in
741 2533 880 2611 syllogen
894 2533 1017 2595 Lebasii
1038 2545 1068 2594 et
1082 2536 1309 2614 Waddingtonii
1324 2539 1373 2598 111
1392 2560 1421 2599 n.
1438 2541 1509 2615 588,

183 2635 269 2694 cuius
291 2653 469 2712 quamquam
491 2653 601 2696 nomen
622 2635 721 2712 periit,
742 2654 810 2694 eum
832 2635 926 2695 luisse
941 2633 996 2696 Gn.
1012 2635 1158 2697 Manlium
1172 2636 1334 2698 Volsonem
1356 2642 1509 2702 consulem

182 2755 210 2794 a.
227 2735 288 2795 565
316 2734 476 2796 Henaenus
503 2738 535 2796 in
560 2754 630 2795 ann.
657 2736 728 2795 inst.
754 2733 832 2794 1851
858 2756 888 2813 p.
909 2737 967 2796 140
978 2754 1041 2812 seq.
1068 2738 1261 2816 probabiliter
1287 2742 1416 2800 coniecit
1441 2761 1511 2820 pro·

182 2839 272 2897 bante
286 2838 375 2896 etiam
386 2836 627 2914 Waddingtonio.
661 2833 848 2910 Quibuscum
864 2837 914 2895 ubi
929 2837 1135 2914 componimus
1150 2839 1269 2897 titulum
1283 2840 1415 2900 eiusdem
1430 2852 1510 2903 aeta-

183 2939 231 3011 tis,
253 2957 360 3016 nempe
375 2938 445 2997 anni
461 2937 518 2997 561
543 2935 593 3014 (0.
606 2937 630 2996 1.
643 2935 698 2997 Gr.
714 2957 743 2996 n.
756 2937 863 3013 3045),
883 2938 915 3008 jn
930 2955 989 3013 quo
1004 2937 1045 2996 M.
1057 2937 1196 2997 Valerius
1210 2950 1330 3016 praetor
1343 2943 1512 3018 appellatur
1585 2927 1599 2952 '

184 3031 354 3122 erperepu‘c,
375 3039 444 3097 iude
465 3038 642 3117 colligemus
660 3036 793 3098 Graecos
814 3038 846 3098 in
868 3038 1090 3116 magistratibus
1112 3040 1276 3100 maioribus
1292 3041 1437 3103 Romanis
1459 3064 1509 3122 ap·

182 3139 331 3215 pellendis
346 3141 492 3199 vocabula
511 3139 699 3218 expressisse
721 3139 868 3215 praetoris
890 3140 1014 3198 maximi
1034 3147 1064 3198 et
1076 3142 1236 3217 praetoris,
1257 3159 1318 3200 non
1332 3145 1467 3204 consulis
1481 3154 1511 3205 et

182 3241 340 3317 praetoris,
353 3241 418 3300 sive
431 3239 513 3316 quod
527 3241 663 3300 consulis
678 3239 840 3317 appellatio
853 3239 905 3298 vix
919 3249 1019 3315 potest
1032 3242 1152 3317 proprie
1164 3239 1280 3301 Graece
1295 3244 1371 3302 verti
1382 3243 1419 3318 ¹),
1435 3245 1509 3318 sive,

183 3337 214 3398 id
235 3340 317 3417 quod
338 3341 435 3418 magis
456 3339 642 3412 crediderim,
665 3339 743 3416 quod
765 3338 961 3398 formularum
984 3337 1168 3399 Graecarum
1190 3341 1275 3418 origo
1296 3342 1452 3402 adscendit
1471 3345 1510 3404 ad

184 3441 216 3499 id
243 3450 378 3519 tempus,
406 3458 466 3517 quo
493 3441 624 3500 consulis
647 3439 808 3517 appellatio
830 3439 962 3515 vulgaris
983 3439 1080 3518 magis
1102 3441 1159 3500 luit
1178 3459 1269 3517 quam
1290 3415 1454 3504 sollemnis.
1470 3477 1508 3490 -

80 3545 87 3554 '
184 3540 302 3602 Deinde
329 3560 397 3601 cum
424 3541 578 3601 brevitatis
604 3557 708 3614 causa,
734 3548 798 3599 tum
823 3545 855 3597 ut
876 3539 1015 3599 eonsules
1036 3549 1248 3618 praetoresque
1270 3543 1381 3601 certius
1403 3544 1509 3604 distin-

183 3653 354 3718 guerentur,
378 3643 409 3700 in
435 3652 571 3720 praetore
598 3641 731 3699 maximo
758 3638 978 3699 substantivum
1004 3641 1100 3700 omitti
1125 3650 1261 3719 coeptum
1289 3652 1336 3701 est
1363 3641 1509 3704 adiectiuo

185 3742 251 3800 solo
276 3751 401 3802 retento.
445 3741 598 3803 Brevioris
627 3742 691 3801 eius
717 3739 879 3800 locutionis
905 3741 937 3798 in
958 3739 1048 3800 editis
1070 3740 1166 3800 titulis
1188 3758 1246 3800 non
1269 3743 1387 3820 repperi
1409 3762 1508 3804 exem·

184 3841 266 3919 plum
293 3842 446 3921 antiquius
474 3843 627 3921 lapidibus
653 3841 790 3902 miliariis
816 3841 949 3900 consulis
976 3858 1003 3898 a.
1019 3859 1049 3899 u.
1063 3858 1089 3899 c.
1106 3839 1167 3900 625
1191 3840 1243 3900 M.’
1265 3843 1393 3918 Aquillii
1418 3846 1509 3904 vol.1

185 3961 214 4000 n.
231 3943 290 4004 551
307 3943 506 4017 =111,479.
523 3943 614 4017 6093,
636 3962 691 4002 nec
712 3942 881 4019 repperisse
902 3959 936 4000 se
958 3940 1079 4017 scripsit
1093 3941 1191 4000 adme
1205 3942 1405 4018 peritissimus
1421 3945 1509 4005 buius

185 4044 360 4120 provinciae
379 4044 591 4122 epigraphicae
612 4043 786 4121 explorator
800 4041 1022 4118 Dittenberger.
1057 4042 1205 4102 lneditom
1220 4051 1319 4102 autem
1334 4044 1431 4105 adhuc
1445 4045 1510 4122 pul·

186 4143 423 4221 uberrimamque
439 4155 670 4217 monumentum,
693 4161 754 4221 qun
771 4143 877 4202 oonsul
898 4162 925 4202 a.
941 4144 1002 4204 564
1024 4145 1062 4204 Α.
1078 4142 1229 4203 Hostilius
1243 4135 1352 4206 ὕπατος
1366 4145 1444 4205 nude
1458 4165 1511 4224 ap·

185 4243 323 4321 pellatur,
350 4245 521 4323 propediem
548 4244 687 4305 ostendet
711 4263 777 4304 eam
803 4241 1047 4303 consuetudinem
1073 4253 1142 4302 ante
1166 4245 1226 4302 iam
1247 4245 1381 4321 coepisse
1402 4246 1471 4306 inde
1493 4267 1512 4306 a

185 4344 306 4404 saeculo
328 4345 411 4406 urbis
433 4353 521 4406 sexto
542 4353 679 4406 exeunte.
694 4377 735 4389 -
757 4342 884 4406 Saeculo
905 4343 1033 4419 septimo
1055 4343 1172 4418 plenior
1193 4345 1354 4420 appellatio
1376 4348 1509 4405 rarescit.

185 4443 281 4504 Adest
307 4444 427 4522 quidem
453 4446 484 4506 in
510 4446 599 4508 titulo
620 4445 767 4504 Thebano
793 4443 886 4520 (Keil
911 4441 980 4519 syll.
1001 4443 1090 4500 inser.
1113 4441 1218 4502 Boeot.
1244 4463 1274 4522 p.
1293 4443 1351 4519 83)
1378 4444 1510 4504 consulis

185 4562 213 4604 a.
228 4543 302 4606 608:
326 4536 477 4624 [d]arlmoc-
495 4538 622 4615 Μόμμιος
634 4535 751 4602 Munius
775 4535 967 4634 [drporeppa‘e
987 4532 1113 4619 ἧτται-[οι
1132 4535 1288 4618 Ῥω]μαι’ων
1308 4544 1366 4602 τοῖς
1386 4538 1509 4621 Se[otr],

184 4645 255 4704 item
283 4647 315 4704 in
344 4644 447 4706 Samio
475 4665 530 4720 eo,
562 4665 651 4723 quem
679 4661 772 4722 snpra
799 4642 971 4712 attulimus,
1002 4637 1157 4716 56191)
1186 4647 1217 4698 et
1242 4640 1323 4716 apud
1349 4641 1510 4718 Polybium

262 4835 286 4900 ¹)
314 4837 440 4892 Consules
460 4847 559 4892 vertere
581 4825 741 4906 συμβοῦλους
758 4834 901 4898 Dionysius
919 4833 1024 4898 quidem
1042 4833 1139 4898 poturit,
1164 4847 1217 4884 non
1234 4834 1318 4896 potuit
1335 4832 1447 4884 (inscia
1464 4846 1509 4883 an-

182 4929 287 5082 liqu’)
316 5019 384 5072 Vlds
408 5035 434 5085 p.
455 5021 517 5073 156.
558 5022 613 5086 Ipsi
636 5016 841 5083 wmutrgconto
865 5021 957 5081 postea
978 5013 1023 5076 (ad
1047 5029 1072 5065 n.
1092 5013 1156 5077 ost>
1181 5014 1208 5064 ln
1234 5021 1345 5064 mentem
1369 5011 1440 5064 venit
1462 5029 1509 5080 pro
1556 4991 1561 4999 ¹

186 5101 363 5177 {almatius
385 5098 491 5179 iimcc
511 5113 593 5172 ,suan
613 5111 664 5176 lsql
689 5123 778 5176 posse,
802 5105 873 5174 quod
897 5105 1014 5171 supplevi
1036 5119 1099 5170 ego,
1123 5091 1274 5174 uestraqyie
1297 5092 1418 5175 ileum
1446 5103 1510 5156 lllud

186 5207 273 5252 tamen
293 5199 498 5268 supplementum
517 5203 623 5255 radnult
640 5210 746 5270 propter
763 5213 795 5253 aa
812 5212 879 5266 quae
896 5209 959 5249 mox
978 5195 1167 5248 indicabantur.
