3736 5822
343 521 391 594 64
910 529 1093 586 MOMMSEN

424 713 453 772 5.
493 711 582 769 lunio
605 707 726 767 Caluino
748 705 826 764 unde
847 722 1013 781 cognomen
1033 703 1166 775 duxerit,
1187 702 1357 779 ignoratum
1382 704 1560 764 crediderim
1580 724 1670 765 avum

341 815 404 875 eius
432 813 474 872 M.
502 809 652 881 Silanum,
679 807 763 866 ouius
792 805 888 884 ipsius
915 805 1000 864 nulla
1026 804 1171 863 memoria
1197 815 1347 881 superest,
1376 824 1503 877 uxorem
1528 805 1670 866 habuisse

339 914 506 976 Domitiam
521 908 678 970 Calvinum
698 907 792 966 filiam
813 923 873 966 cos.
896 924 923 964 a.
939 925 967 964 u.
983 924 1009 963 c.
1026 905 1095 964 701.
1112 905 1172 963 714
1195 923 1271 976 eum,
1293 906 1342 964 cui
1356 906 1552 982 probabiliter
1565 907 1672 966 tribuit

341 1013 528 1093 Borghesius
556 1010 592 1086 (l.
609 1028 634 1068 c.
657 1029 686 1086 p.
702 1007 776 1084 197)
797 1008 918 1066 titulum
939 1006 1085 1064 urbanum
1109 1005 1205 1080 (Mur.
1229 1005 1322 1078 1785,
1341 1005 1396 1082 26)
1417 1007 1509 1067 hunc:
1538 1009 1670 1069 Domitio

343 1117 493 1177 Caluisius
515 1113 618 1190 [immo
641 1107 792 1184 Calvinae]
816 1108 835 1166 l.
857 1107 976 1166 Natalis
997 1125 1024 1164 c.
1046 1124 1074 1164 a
1090 1105 1162 1164 XX.
1205 1105 1340 1165 Titulum
1360 1108 1468 1184 ipsius,
1492 1109 1525 1168 in
1545 1127 1606 1186 quo
1626 1109 1672 1168 di·

341 1218 418 1278 citur
442 1215 564 1276 Calvina
585 1209 629 1270 Μ.
654 1209 750 1270 Silani
764 1209 845 1286 filiu,
873 1225 965 1285 supra
985 1226 1015 1284 p.
1033 1207 1072 1266 60
1098 1207 1260 1265 attulimus.
1304 1207 1351 1266 Ea
1378 1209 1541 1269 secundum
1566 1229 1671 1270 narra·

342 1319 453 1378 tionem
475 1314 575 1375 Taciti
600 1329 669 1371 ann.
692 1309 775 1382 rt,4
802 1328 889 1368 soror
913 1309 970 1366 fuit
990 1306 1025 1366 L.
1049 1305 1144 1368 Silani
1171 1308 1275 1383 sponsi
1302 1306 1448 1368 Octaviae
1473 1311 1671 1371 festivissima

340 1418 441 1497 puella
461 1415 592 1493 (Seneca
607 1413 718 1490 Apotb.
735 1411 778 1487 8).
810 1410 914 1486 Nupta
934 1408 1040 1468 deinde
1054 1408 1091 1467 L.
1102 1409 1226 1471 vitellio
1249 1410 1366 1469 consuli
1385 1429 1414 1470 a.
1427 1411 1465 1471 48
1487 1429 1560 1470 mox
1573 1412 1670 1473 inces-

341 1528 391 1579 tus
412 1537 479 1576 oum
499 1517 591 1576 fratre
613 1514 664 1574 illo
686 1520 826 1571 accusata
846 1529 865 1568 a
886 1528 989 1569 socero
1011 1509 1167 1586 repudiata
1187 1516 1233 1568 est
1252 1521 1282 1570 et
1302 1531 1329 1570 a.
1344 1511 1384 1571 49
1408 1512 1577 1572 inexilium
1593 1521 1669 1574 acta.

340 1619 444 1680 Rediit
470 1616 527 1676 sub
546 1615 668 1675 Nerone
690 1631 718 1672 a.
734 1613 773 1672 59
796 1612 883 1688 (Tac.
906 1631 974 1670 ann.
993 1612 1040 1683 14,
1059 1610 1110 1686 tt)
1132 1611 1284 1687 vitamque
1305 1614 1455 1687 protraxit
1476 1613 1514 1672 ad
1535 1623 1671 1675 extrema

342 1731 478 1799 tempora
492 1715 684 1794 Vespasiani,
705 1713 736 1773 id
757 1721 804 1772 est
825 1713 863 1770 ud
884 1731 911 1771 a.
927 1731 953 1771 c.
970 1710 1022 1784 783
1046 1730 1115 1770 num
1137 1731 1204 1770 cum
1218 1731 1254 1772 eo
1269 1722 1403 1788 tempore
1417 1715 1600 1774 massoleum
1614 1716 1670 1774 im·

341 1829 514 1899 paratorum
535 1825 658 1894 repente
678 1816 837 1893 patuisset,
853 1812 1060 1889 Vespasianus
1082 1813 1130 1886 iis,
1153 1811 1204 1889 qui
1223 1813 1256 1871 id
1275 1814 1335 1891 ipsi
1357 1815 1471 1875 exitum
1492 1817 1669 1892 portendere

341 1922 484 1993 dicerent,
508 1918 663 1996 respondit
683 1917 714 1974 id
734 1914 905 1993 prodigium
926 1915 964 1972 ud
986 1913 1104 1973 Iuniam
1126 1911 1284 1973 Calvinum
1305 1934 1321 1973 e
1342 1923 1430 1992 gente
1451 1918 1582 1995 Augusti
1603 1937 1671 1994 per·

342 2023 436 2082 tinere
458 2019 556 2097 (Suet.
571 2018 666 2094 Vesp.
689 2016 754 2093 23).
796 2015 872 2074 Eam
899 2016 991 2092 igitur
1017 2015 1097 2074 circa
1117 2033 1155 2073 ea
1175 2023 1311 2092 tempora
1331 2017 1424 2075 vitem
1445 2017 1580 2080 finivisse
1600 2039 1670 2096 pro·

341 2123 441 2183 babile
462 2131 516 2181 est.

425 2222 454 2281 6.
497 2221 537 2280 L.
560 2223 663 2280 lunius
683 2219 803 2280 Silanus
818 2217 979 2294 Torquatus
1000 2215 1053 2293 (L.
1069 2216 1190 2277 Silenus
1211 2219 1293 2297 apud
1306 2218 1446 2278 Tacitum
1467 2239 1536 2280 anu.
1555 2222 1603 2295 15,
1619 2223 1667 2282 52.

345 2324 399 2394 16,
415 2324 449 2395 7;
472 2322 634 2398 Torquatus
655 2321 695 2379 ib.
718 2317 840 2390 16,1t;
867 2319 971 2376 Ιιιιιίιιι
997 2317 1161 2394 Torquatus
1187 2319 1267 2395 apud
1293 2319 1423 2380 Dionem
1446 2320 1497 2394 62,
1517 2320 1571 2398 tt)
1596 2315 1668 2380 trt-

341 2444 426 2499 γονις
447 2423 499 2478 τοῦ
516 2414 697 2496 Ἀυγοόπου
727 2418 807 2496 (Dio
829 2418 849 2478 l.
870 2417 912 2494 c.)
937 2427 1008 2494 post
1033 2420 1128 2495 patris
1156 2429 1282 2479 mortem
1310 2422 1501 2480 immaturam
1526 2423 1670 2488 educatus

342 2523 423 2599 apud
444 2523 565 2582 amitam
587 2521 706 2580 Iuniam
723 2519 869 2597 Lepidam
884 2516 920 2578 Ο.
936 2516 1035 2578 Cassii
1058 2538 1183 2580 uxorem
1206 2520 1293 2596 (Tac.
1308 2540 1378 2580 aun.
1397 2522 1444 2594 15,
1460 2521 1515 2599 55)
1536 2531 1566 2583 et
1586 2544 1613 2583 a.
1628 2525 1668 2585 60

342 2624 476 2683 adlectus
503 2624 535 2681 in
563 2621 721 2700 collegium
750 2621 872 2697 aliquod
900 2619 1089 2680 sacerdotum
1119 2621 1249 2696 (Marini
1276 2625 1352 2682 Arv.
1380 2643 1409 2701 p.
1432 2623 1489 2695 863
1520 2626 1669 2687 Merclrlin

343 2722 450 2800 Ooopt.
471 2744 502 2802 p.
518 2722 592 2796 2263
620 2721 767 2801 Borghesi
788 2721 809 2780 l.
832 2740 857 2780 c.
879 2741 908 2799 p.
928 2721 1001 2792 1983
1029 2730 1164 2800 superest
1189 2722 1230 2782 ibi
1252 2723 1290 2783 L.
1312 2724 1416 2784 Iunius
1439 2723 1560 2786 suanus
1581 2727 1668 2804 ....)

342 2827 397 2887 sub
419 2825 540 2886 Nerone
562 2843 589 2884 a.
605 2823 644 2883 65
672 2824 804 2883 incestus
830 2831 988 2883 accusatus
1010 2830 1056 2883 est
1077 2843 1145 2883 cum
1166 2825 1258 2883 amita
1276 2823 1331 2883 ills
1350 2827 1503 2885 commissi
1529 2837 1559 2886 et
1579 2847 1669 2905 prop·

341 2938 425 2988 terea
451 2913 641 2986 interfectus’
686 2923 737 2983 Ex
764 2925 861 2984 tribus
889 2925 1050 2997 fratribus,
1078 2942 1157 3000 quos
1186 2927 1404 3000 recensuimus,
1430 2946 1498 2986 cum
1524 2926 1669 2989 Decimus

341 3038 466 3107 patruus
493 3028 559 3086 eius
586 3026 702 3086 dicatur
729 3024 820 3100 (Tac.
847 3025 866 3083 Ι.
886 3024 943 3101 c),
976 3024 1089 3084 Lucius
1116 3025 1196 3084 diem
1223 3026 1330 3086 obierit
1356 3037 1517 3105 antequam
1543 3048 1669 3090 uxorem

342 3129 480 3200 duceret,
506 3127 640 3186 Marcum
667 3135 782 3202 patrem
802 3125 867 3185 eius
888 3125 984 3186 fuisse
1005 3126 1117 3185 dudum
1139 3126 1322 3186 intellectum
1343 3138 1397 3188 est.
1441 3129 1561 3189 Titulus
1581 3133 1670 3190 urba-

341 3247 410 3302 nus,
431 3230 544 3306 inquo
566 3246 627 3288 non
646 3227 757 3303 legitur
777 3227 838 3286 nisi
856 3227 896 3286 L.
919 3227 1022 3287 Silano
1048 3227 1191 3304 Torquato
1213 3226 1308 3304 (Gud.
1325 3229 1395 3301 331,
1411 3228 1454 3305 6),
1475 3231 1671 3308 probabiliter

342 3348 361 3389 a
382 3329 551 3407 Borghesio
572 3328 612 3387 ad
633 3329 712 3388 bunc
732 3329 846 3387 relatus
867 3336 923 3400 est,
945 3328 1056 3405 quippe
1077 3328 1129 3404 qui
1150 3328 1190 3386 ad
1210 3328 1341 3393 bonores
1363 3347 1423 3390 uon
1443 3331 1582 3391 rideatur
1600 3352 1669 3409 per·

290 3432 292 3436 ’
341 3430 469 3490 venisse.
504 3429 544 3488 L.
560 3428 680 3489 Silanus
700 3429 738 3500 is,
760 3430 809 3489 cui
830 3426 1113 3506 imperantoNerra
1127 3428 1257 3488 Titinius
1272 3426 1381 3506 Capito
1402 3439 1532 3491 statuam
1554 3432 1668 3495 Rome

341 3532 373 3592 in
397 3530 465 3590 foro
490 3531 592 3609 posuit
617 3529 755 3606 (Plinius
776 3548 823 3606 ep.
841 3531 869 3601 l,
887 3529 954 3606 11),
980 3528 1076 3588 cidem
1099 3529 1179 3588 idem
1200 3528 1331 3590 creditur
1350 3550 1476 3610 eamque
1497 3534 1668 3610 opinionem

341 3651 398 3712 ego
424 3649 544 3709 quoque
571 3633 691 3690 se‘outus
713 3648 779 3688 sum
800 3631 832 3688 in
852 3630 949 3688 indice
969 3630 1126 3701 Pliniano;
1152 3637 1280 3690 ceterum
1304 3632 1356 3691 ubi
1378 3633 1417 3691 sd
1438 3651 1574 3694 severum
1595 3655 1668 3696 sxa-

341 3750 410 3792 men
437 3751 504 3791 eam
528 3748 665 3803 revoces,
690 3730 844 3790 fatendum
866 3739 913 3789 est
932 3729 1070 3790 idoneam
1092 3747 1214 3790 oausam
1235 3732 1350 3792 nullam
1370 3734 1512 3809 proferri,
1539 3755 1594 3796 cur
1618 3737 1667 3797 bic

342 3830 533 3910 potissimum
558 3829 759 3906 intellegatur.
802 3831 906 3890 Potuit
932 3849 1004 3891 sane
1029 3829 1137 3909 Capito
1165 3832 1208 3892 sic
1228 3833 1377 3894 bonorare
1396 3834 1534 3895 ultimum
1554 3855 1668 3898 marem

342 3951 381 3992 ex
401 3931 530 4009 posteris
551 3931 694 4010 Augusti.

427 4029 561 4094 Stemma
581 4029 696 4090 subieci
717 4047 808 4107 supra
829 4031 917 4092 dictis
938 4033 1177 4094 adunationibus
1199 4035 1463 4096 accommodatum.
