3712 5838
359 563 405 633 at
411 561 432 632 6
725 621 734 630 .
929 573 1111 627 nouusan

357 752 436 811 lemo
457 759 555 810 aetate
569 747 715 808 Hadriani
735 744 881 824 clarus.¹)
913 746 980 805 Iam
1001 765 1068 806 cum
1083 743 1228 805 Claudius
1245 745 1408 820 impermr
1428 762 1455 804 a.
1470 746 1510 803 41
1526 744 1687 820 Polemoni

357 871 412 930 pro
434 868 527 928 reguo
548 850 725 927 Bosporano
751 847 852 907 ablato
878 857 993 926 partem
1016 845 1139 907 Ciliciae
1166 842 1332 924 dederis),
1363 844 1447 904 Nero
1468 855 1568 905 autem
1592 865 1621 906 a.
1644 846 1683 906 63

356 953 487 1012 Pontum
507 951 539 1009 in
559 951 731 1028 provinciae
752 950 879 1009 formam
899 948 1057 1026 redegerit,
1078 947 1219 1007 credibile
1241 955 1290 1006 cst
1310 964 1447 1006 nummos
1469 947 1539 1007 illos
1560 947 1602 1007 M.
1619 949 1685 1007 Au·

356 1054 433 1112 tonii
451 1052 574 1112 nomina
592 1051 740 1128 iuscripta
760 1050 904 1109 habentes
926 1049 1013 1112 flatos
1036 1066 1103 1118 esse
1124 1067 1179 1125 per
1199 1057 1335 1123 tempora
1348 1045 1516 1108 Claudiana
1535 1057 1565 1108 et
1584 1055 1685 1125 poste·

356 1155 447 1225 riora,
472 1152 641 1212 Zenonidcs
662 1159 761 1212 autem
790 1151 911 1210 amissis
935 1150 1037 1229 regnis
1057 1149 1183 1209 rediisse
1204 1148 1242 1208 ad
1263 1157 1374 1208 statum
1394 1150 1522 1225 primum
1544 1147 1685 1226 dynasta·

357 1273 424 1314 rum
450 1253 561 1327 Olbos,
593 1271 683 1330 quem
714 1252 915 1331 principatum
946 1260 1100 1328 acceptum
1129 1268 1148 1308 a
1174 1248 1302 1310 Claudio
1330 1249 1424 1309 etiam
1446 1250 1557 1309 amisso
1582 1249 1683 1310 Ponto

356 1355 540 1432 aliquamdiu
562 1354 699 1415 videntur
719 1353 890 1427 retinuisse,
912 1352 1018 1411 deinde
1039 1351 1249 1429 principalium
1271 1351 1380 1412 ciuium
1401 1349 1577 1410 Laodiceae.

442 1810 529 1872 XIV.
572 1807 848 1871 COROLLARIA
868 1805 928 1866 DE
950 1805 1206 1867 CLEOPATRA
1225 1806 1357 1866 IVBAE
1378 1804 1590 1882 DOMOQVE

667 1907 884 1969 ARCHELAI
905 1907 1032 1969 REGIS
1056 1906 1368 1968 CAPPADOCIAE.

436 2096 486 2156 Dc
512 2094 674 2170 Cleopatra
698 2093 850 2152 Antoniae
874 2092 938 2150 filia
968 2111 1045 2169 quaa
1072 2110 1165 2169 supra
1190 2092 1254 2151 dixi
1280 2111 1346 2152 cum
1372 2092 1404 2151 in
1430 2093 1553 2152 dubium
1579 2093 1681 2151 vocari

354 2214 445 2274 posse
466 2196 652 2274 intellegam,
679 2203 834 2271 praeterea
854 2194 1038 2270 comparatio
1060 2192 1244 2252 condicionis
1266 2193 1331 2253 eius
1356 2201 1386 2253 et
1406 2193 1620 2270 Pythodoridis
1642 2193 1681 2252 ad

354 2319 417 2359 rem
438 2299 537 2358 iacere
558 2295 708 2366 videatur,
730 2295 767 2354 de
788 2296 856 2372 ipsa
876 2312 973 2372 pauca
993 2295 1085 2353 verba
1106 2293 1275 2372 adiungam.
1318 2293 1445 2354 Liberos
1467 2295 1617 2354 Antonius
1639 2313 1678 2354 ex

353 2398 517 2478 Cleopatra
536 2396 667 2474 Aegypti
687 2396 791 2472 regina
812 2395 944 2471 suscepit
965 2413 1025 2452 nou
1046 2413 1101 2472 per
1122 2411 1217 2454 annos
1241 2392 1365 2468 718714,
1392 2414 1452 2472 quo
1473 2413 1539 2454 cum
1565 2413 1602 2456 ea
1622 2397 1681 2455 fuit

352 2502 481 2581 primum
502 2496 672 2568 incilicia,
698 2495 805 2555 deinde
826 2496 1048 2566 Alexandriae,
1075 2495 1128 2553 sed
1149 2502 1309 2571 postquam
1330 2515 1396 2555 eam
1418 2515 1445 2556 a.
1468 2496 1527 2555 717
1551 2507 1680 2556 excunte

352 2610 405 2661 aut
425 2621 453 2659 a.
476 2601 594 2660 demum
616 2597 677 2657 718
698 2597 729 2654 in
753 2595 872 2674 Syriam
898 2596 937 2653 ad
965 2613 998 2655 se
1024 2595 1152 2653 vocarit.
1201 2596 1238 2654 Id
1264 2597 1340 2655 satis
1369 2603 1471 2674 aperte
1496 2597 1678 2657 Plutarchus

351 2703 464 2762 indicat
485 2700 569 2776 (Aut.
591 2697 645 2772 36)
666 2697 849 2774 requiritquc
875 2715 975 2755 rerum
1001 2697 1092 2767 ordo;
1118 2714 1214 2772 neque
1235 2697 1314 2755 enim
1335 2696 1421 2756 liberi
1448 2691 1493 2756 illi
1519 2699 1582 2758 uati
1608 2707 1679 2756 sunt

350 2819 411 2880 quo
432 2811 565 2877 tempore
586 2796 736 2856 Antonius
756 2797 883 2856 Fuluiae
904 2797 1030 2855 maritus
1052 2805 1124 2869 crat,
1154 2797 1208 2854 scd
1228 2815 1287 2873 quo
1313 2807 1449 2874 tempora
1469 2799 1592 2859 maritus
1614 2811 1679 2860 crat

351 2901 506 2962 Octaviae.
549 2896 620 2956 Non
640 2905 720 2956 recte
734 2897 825 2974 igitur
845 2897 924 2967 iude,
946 2896 1026 2973 quod
1045 2896 1106 2955 Dio
1122 2897 1172 2971 49,
1195 2897 1233 2956 32
1256 2897 1295 2958 ad
1317 2917 1343 2957 a
1361 2897 1421 2958 718
1442 2899 1530 2959 trium
1551 2901 1679 2960 Antonii

350 3010 381 3062 ct
395 3000 573 3076 Cleopatrae
591 2997 751 3056 liberorum
772 2999 953 3058 mentionem
973 2997 1054 3071 iacit,
1075 2999 1272 3075 gemellorum
1293 2999 1418 3058 duorum
1438 3007 1511 3059 natu
1532 2999 1678 3061 maiorum

348 3100 517 3162 Alexandri
538 3108 569 3159 et
582 3096 761 3174 Cleopatrae
773 3099 913 3174 tertiique
926 3098 1104 3171 Ptolemaei,
1117 3100 1314 3160 Drumannus
1334 3099 1418 3176 (hist.
1437 3103 1463 3172 1,
1480 3099 1534 3177 28)
1555 3103 1679 3180 collegit

348 3205 428 3264 hunc
452 3220 488 3262 co
516 3201 584 3278 ipso
609 3219 688 3259 anno
715 3206 818 3258 natum
844 3216 928 3270 esse3
954 3200 1045 3258 immo
1074 3199 1134 3258 Dio
1159 3200 1262 3276 paullo
1283 3201 1407 3261 liberius
1429 3203 1616 3280 exspatiatus
1638 3203 1675 3262 de

347 3303 472 3364 Antonii
500 3309 530 3361 et
550 3299 736 3378 Cleopatrae.
755 3300 856 3358 liberis
876 3300 909 3358 in
930 3301 1102 3360 uuiversum
1124 3301 1258 3377 exponit.
1301 3300 1466 3380 Cleopatra
1488 3302 1581 3380 igitur
1605 3313 1678 3362 nata

347 3413 395 3466 cst
415 3413 468 3464 aut
488 3422 514 3461 a
532 3402 591 3461 718
613 3410 746 3460 extremo
763 3409 815 3460 aut
828 3401 1014 3478 probabilius
1028 3419 1105 3460 auno
1121 3410 1273 3478 sequente.
1287 3435 1329 3448 —
1350 3403 1419 3478 Quo
1434 3410 1569 3481 tempore
1581 3404 1674 3464 Iubae

346 3504 497 3581 nupserit,
529 3502 717 3578 aliquatenus
749 3501 878 3578 produnt
908 3501 1022 3559 nummi
1054 3502 1207 3578 utriusque
1239 3504 1337 3580 capito
1361 3503 1496 3580 insigues
1522 3505 1677 3582 adscripta

347 3606 492 3665 habentes
524 3602 563 3660 ad
593 3603 652 3662 viri
683 3609 772 3678 caput
803 3604 895 3661 verba
921 3620 973 3660 rea
1000 3601 1076 3660 Iuba
1101 3606 1177 3678 repis
1202 3603 1288 3662 Iudai
1305 3606 1334 3680 s.
1359 3603 1470 3682 meque)
1494 3604 1600 3682 o(ouc)
1632 3605 1681 3665 VI

341 3705 399 3782 (L.
428 3703 555 3764 Mueller
586 3722 661 3762 num.
689 3703 724 3762 tls
745 3701 888 3779 l’Asn'qae
913 3702 943 3775 3,
973 3701 1056 3778 108).
1098 3701 1237 3780 Regnum
1264 3704 1470 3764 Mauretaniae
1499 3723 1566 3765 cum
1597 3706 1678 3766 Iuba

348 3806 515 3866 obtinuisse
540 3803 677 3862 videatur
697 3819 725 3860 a.
747 3823 776 3860 u.
797 3821 822 3862 c.
846 3801 905 3860 729
928 3801 978 3877 (L.
1000 3802 1129 3862 Mueller
1151 3804 1171 3862 l.
1194 3821 1219 3863 c.
1240 3824 1270 3883 p.
1295 3804 1380 3881 114),
1407 3806 1510 3884 nupsit
1535 3807 1563 3865 ei
1585 3804 1674 3866 Cleo·

346 3913 435 3984 patra
455 3922 515 3963 non
536 3910 605 3980 post
625 3922 653 3962 a.
676 3904 753 3974 734,
780 3919 840 3978 quo
867 3920 906 3960 ea
930 3920 1039 3964 anunm
1065 3905 1174 3980 agebat
1193 3905 1329 3980 quintum
1350 3904 1507 3966 decimum.
1549 3905 1675 3967 Nummi

346 4015 452 4067 extant
478 4013 540 4064 tam
565 4001 699 4082 argentei
724 4020 814 4078 quam
842 4003 928 4061 aenei
949 4003 1001 4062 alii
1027 4003 1092 4064 eius
1114 4004 1208 4065 solius
1234 4006 1354 4064 nomine
1382 4007 1533 4085 inscripti,
1559 4008 1674 4070 scilicet

346 4098 515 4186 Κλεοπάτρα
541 4095 726 4169 βασίλισσα,
757 4110 788 4161 et
813 4101 922 4178 signati
949 4104 1046 4180 capito
1074 4106 1140 4164 eius
1166 4106 1250 4183 regio
1277 4106 1445 4166 diademate
1470 4117 1590 4183 ornato,
1619 4111 1672 4170 alii

346 4204 428 4281 iique
454 4203 557 4280 plures
579 4202 701 4261 uomina
724 4207 774 4260 re'a
795 4203 871 4261 laba
891 4211 921 4262 et
941 4194 1106 4264 θσσῢσσσα
1127 4196 1297 4290 Κλεοπάτρα
1318 4226 1482 4286 eorumque
1504 4211 1605 4287 capita
1623 4212 1669 4288 ita

346 4306 573 4383 coniungentes,
594 4310 627 4362 ut
647 4309 748 4378 aparte
769 4303 911 4382 coniuges
934 4304 992 4363 sibi
1013 4306 1252 4382 aequiparentur.
1290 4305 1335 4367 On
1351 4314 1487 4386 poarroit
1507 4311 1672 4384 demades,

345 4405 509 4466 Muellerus
531 4405 574 4463 ait
587 4422 617 4481 p.
635 4402 704 4474 116,
727 4406 754 4462 ai
769 4404 808 4462 lea
827 4408 973 4464 monadica
995 4407 1046 4482 qai
1055 4406 1218 4482 presentent
1239 4407 1265 4466 le
1284 4425 1349 4468 acm
1370 4420 1397 4468 at
1417 4409 1447 4467 la
1467 4411 1519 4470 tite
1539 4412 1574 4469 de
1591 4411 1671 4472 Clio·

340 4515 438 4584 patre,
460 4525 500 4565 aa
521 4507 613 4564 moins
634 4503 716 4564 celles
738 4506 775 4564 oa
795 4523 829 4564 aa
850 4523 880 4564 se
901 4515 1027 4565 suavem
1043 4525 1102 4583 pus
1127 4506 1153 4566 le
1174 4525 1238 4566 nom
1259 4517 1286 4568 et
1307 4509 1338 4568 la
1358 4508 1409 4569 tata
1429 4510 1464 4568 de
1483 4510 1570 4583 labo,
1594 4507 1672 4572 a’cat

340 4623 399 4683 poa
426 4606 469 4664 stt
487 4606 629 4682 sroppdea
655 4623 688 4664 sn
712 4615 792 4664 certa
817 4606 902 4663 duas
923 4607 1046 4665 commta
1065 4610 1229 4668 aoacaroiaa
1254 4626 1291 4668 oa
1318 4609 1389 4668 dan
1413 4610 1491 4670 droit
1514 4613 1671 4673 mouitoirs

341 4705 478 4767 occordda
503 4706 763 4782 porticalilmaent
790 4706 810 4763 d
836 4714 904 4765 cette
930 4709 1021 4779 reios,
1058 4717 1089 4767 et
1117 4708 1188 4769 licet
1217 4699 1284 4786 ips'e
1312 4708 1345 4768 id
1369 4709 1419 4770 ius
1450 4721 1539 4789 negat
1569 4712 1668 4792 magis

419 4991 443 5054 ¹)
470 4991 642 5043 Philostratus
672 4991 716 5042 vit.
744 4991 818 5056 soph.
846 4995 870 5055 1,
899 4993 943 5056 25,
973 4993 1002 5045 3:
1034 4979 1162 5053 'Antiates
1192 4991 1325 5063 Πολίμων.
1376 4995 1479 5048 Titulus
1509 4997 1666 5063 Smyrnaeus

343 5079 414 5131 O.1.
434 5080 481 5132 Gr.
501 5081 583 5132 314⁸.

417 5165 442 5232 ¹)
461 5170 514 5221 Dio
534 5171 578 5234 80,
599 5172 626 5223 8.
