3742 5826
331 497 403 569 120
804 549 806 552 -
901 511 1079 566 mausus
1125 531 1128 538 ι

327 685 471 747 'mutilata
491 687 588 745 adbuc
612 683 752 754 cernitur,
777 702 854 761 quae
880 701 947 741 cum
974 683 1086 742 sacello
1112 683 1144 741 in
1165 697 1239 740 usus
1261 681 1409 740 humanos
1431 690 1479 740 est
1500 699 1653 740 converse.

326 784 382 846 ‘Ibi
403 795 501 846 autem
522 785 668 862 proximis
689 784 796 844 diebus
816 783 959 846 effossum
980 791 1027 844 est
1047 784 1204 842 marmoris
1226 782 1365 854 frustum,
1386 781 1467 858 quod
1489 782 1520 839 in
1535 783 1657 842 frontis·

323 859 414 963 *picis
435 886 567 947 eiusdeln
593 886 698 963 templi
723 885 817 944 fuisse
844 885 1031 944 arbitramur.
1074 884 1111 942 In
1132 901 1207 960 quo,
1234 900 1327 944 sensu
1347 882 1535 959 imperfecto,
1561 883 1658 942 ineisa

328 973 421 1047 ‘ciant
441 987 514 1046 haec
535 981 649 1046 verba’:
1286 982 1288 986 ’

635 1117 1060 1164 avc-sorr·arnx·rn1svrs
1115 1133 1116 1138 κ

635 1219 758 1265 causon
780 1219 840 1264 cos
862 1220 937 1263 vui·

634 1319 821 1365 saroterrtvs
836 1322 874 1364 ru
886 1333 893 1350 ·
905 1320 990 1364 avoc
1001 1332 1009 1348 ·
1021 1318 1138 1364 sericas
1152 1317 1337 1364 assurrvsse

331 1423 412 1484 Nam
434 1441 502 1483 cum
523 1423 628 1483 titulos
649 1423 701 1501 qui
723 1431 794 1483 sunt
814 1437 937 1483 causon
952 1436 1012 1482 cos
1026 1438 1079 1480 vro
1100 1440 1188 1481 nemo
1210 1405 1348 1481 habuerit
1368 1420 1428 1482 nisi
1449 1421 1658 1499 Vespasianus

329 1534 360 1584 et
384 1525 488 1596 Titus,
516 1533 579 1584 tum
599 1523 807 1602 Vespasianus
834 1524 940 1582 eodem
966 1529 1100 1599 tempore
1126 1523 1184 1581 luit
1209 1524 1282 1601 imp.
1308 1521 1435 1596 XVIII,
1462 1541 1523 1599 quo
1551 1525 1658 1584 consul

329 1633 477 1684 octavum.
526 1622 617 1697 Quod
643 1643 715 1684 vero
740 1625 919 1684 Manlianius
945 1624 978 1682 in
1002 1624 1089 1682 initio
1117 1642 1256 1684 versuum
1281 1623 1299 1682 2
1324 1633 1355 1682 et
1381 1625 1399 1696 3
1427 1624 1543 1683 litteras
1572 1626 1658 1700 ponit

330 1739 390 1784 esre
413 1732 443 1785 et
463 1742 521 1798 aa,
548 1743 623 1802 quas
646 1723 832 1786 Grimaldius
854 1732 981 1784 testatur
1001 1725 1098 1783 luisse
1118 1726 1150 1783 in
1172 1724 1297 1784 alterius
1318 1724 1477 1802 fragmenti
1498 1725 1572 1798 line,
1598 1744 1659 1784 uon

328 1825 447 1885 videtur
468 1827 597 1899 obstare,
618 1845 684 1885 cum
703 1826 880 1885 Marlianius
902 1841 954 1884 eas
975 1823 1119 1886 facillime
1140 1826 1272 1902 potuerit
1292 1826 1413 1886 addere.
1449 1825 1546 1885 Totus
1569 1826 1659 1904 igitur

328 1926 434 1986 titulus
456 1927 502 1985 sie
522 1926 640 1985 videtur
659 1926 778 1985 restitui
799 1942 906 2004 posse:
1483 1941 1485 1948 ⁴

494 2061 546 2114 trop.
567 2070 623 2104 caer.
644 2059 830 2104 aspasiattss
852 2073 860 2090 ·
881 2060 945 2104 AVG
966 2074 973 2090 ·
997 2059 1072 2105 PONt
1092 2073 1099 2088 ·
1121 2061 1188 2104 ml
1209 2073 1217 2089 ·
1239 2061 1354 2104 TRIBVN
1378 2067 1425 2115 pot
1447 2061 1496 2104 sitit

640 2161 687 2202 im?
709 2174 716 2189 ·
739 2161 813 2203 xvtn
836 2173 843 2189 ·
865 2162 881 2202 Ρ
903 2174 910 2189 ·
934 2161 950 2202 Ρ
973 2173 981 2189 ·
1003 2158 1127 2204 CENSOR
1148 2174 1156 2190 ·
1179 2159 1241 2204 COS
1264 2174 1272 2189 ·
1293 2161 1347 2202 Vlll

493 2297 561 2350 impp.
572 2308 643 2340 easta.
653 2296 1495 2342 ssvsavsauart'rottntvs·flammaticus·aestimat

329 2396 465 2473 Apparet
485 2413 552 2456 esse
572 2397 692 2457 titulum
714 2399 844 2458 aedilicii
865 2399 1018 2458 cniusdam
1040 2399 1265 2479 aVespasiano
1286 2400 1376 2472 faeti,
1397 2419 1417 2458 a
1438 2398 1584 2478 Septimio
1606 2399 1658 2462 Sc·

328 2513 414 2554 vero·
428 2502 458 2554 et
480 2493 638 2572 Caracallo
664 2499 805 2559 restituti.
848 2497 1010 2572 Quodnam
1034 2501 1123 2561 luerit
1148 2501 1294 2561 incertum
1321 2500 1467 2577 relinquo.
1517 2499 1658 2579 Cogitavi

329 2596 368 2653 de
395 2596 506 2671 templo
528 2596 619 2656 Pacis
645 2617 665 2657 a
681 2597 871 2676 Vespasiano
894 2608 1062 2673 exstructo,
1088 2621 1156 2662 cum
1177 2610 1337 2678 utrumque
1358 2601 1557 2678 fragmentum
1577 2603 1659 2662 haud

329 2695 419 2770 longe
440 2696 478 2756 ab
500 2697 565 2756 eius
587 2697 654 2758 loco
674 2709 827 2777 repertum
848 2701 897 2761 sit.
933 2699 1039 2778 Neque
1059 2702 1257 2778 improbabile
1279 2702 1378 2762 estid
1398 2703 1568 2762 restitutum
1590 2723 1658 2764 esse

330 2813 350 2853 a
367 2793 513 2872 Septimio
535 2794 658 2872 Severo,
680 2819 747 2858 cum
768 2801 978 2879 deflagraverit
994 2800 1162 2862 Commodo
1182 2810 1336 2882 regnante,
1358 2805 1413 2864 sed
1434 2805 1568 2880 pluribus
1590 2822 1659 2864 sae·

329 2895 406 2954 culis
428 2905 499 2974 post
512 2898 665 2958 etiamtum
680 2901 745 2959 eius
760 2903 872 2961 mentio
886 2901 1039 2962 inseratur.
1075 2904 1119 2961 At
1133 2903 1252 2963 videtur
1265 2904 1479 2982 impedimento
1493 2923 1561 2964 esse
1576 2907 1657 2981 quod

330 2993 455 3056 Cassius
469 2996 531 3057 Dio
546 2997 597 3069 66,
615 3000 652 3059 15
674 3011 777 3060 narrat
798 3002 939 3078 templum
957 3003 1049 3062 Pacis
1071 2998 1117 3080 (τό
1140 3005 1192 3074 esic
1212 2995 1326 3086 Εἰρήνης
1346 2997 1470 3082 τέμενος)
1492 3005 1658 3065 dedicatum

329 3112 398 3156 esse
419 3115 447 3156 a.
463 3097 512 3168 75,
534 3098 689 3175 inscriptio
710 3118 781 3159 vero
803 3102 858 3161 illa
878 3111 926 3163 est
946 3105 1017 3163 anui
1032 3102 1081 3163 78.
1117 3103 1249 3166 Videant
1269 3106 1362 3184 igitur
1382 3107 1562 3184 topographi
1584 3125 1655 3165 num

329 3196 378 3255 cui
399 3196 452 3257 alii
473 3198 540 3259 aedi
561 3200 756 3277 probabiliter
777 3202 899 3262 attribui
920 3205 1028 3280 possit.

892 3451 1095 3462 *ua——

980 3671 1009 3730 3.

411 3780 598 3842 Notissimus
622 3789 669 3843 est
695 3783 801 3844 titulus
826 3787 932 3864 ingens
958 3787 1072 3850 fractus
1092 3789 1201 3851 litteris
1226 3791 1297 3851 olim
1318 3811 1387 3852 aere
1408 3793 1544 3870 repletis,
1566 3802 1654 3870 quem

329 3900 408 3942 nunc
428 3889 579 3941 extantem
592 3881 708 3942 Romae
728 3885 760 3943 in
781 3885 868 3946 domo
882 3887 1062 3951 Barbarinia
1081 3899 1231 3970 repertum
1252 3910 1319 3953 esse
1341 3914 1368 3953 a.
1386 3893 1463 3953 1641
1487 3894 1519 3953 in
1539 3894 1589 3952 via
1609 3895 1657 3953 del

330 4000 412 4042 coreo
436 3982 467 4040 in
493 3981 559 4040 loro
579 3981 704 4044 Seiana
729 3991 856 4046 testatur
879 3989 1043 4051 Martinelli
1069 3991 1162 4050 Rotae
1182 3996 1324 4054 ricercata
1350 4013 1379 4071 p.
1398 3992 1456 4053 108
1483 3993 1530 4053 ed.
1549 3995 1656 4054 Venet.

332 4080 412 4141 1766
438 4081 486 4140 his
507 4081 621 4141 verbis:
650 4081 747 4142 Panno
767 4085 845 4148 1641
870 4093 1043 4150 scavaadoei
1066 4095 1097 4150 ia
1118 4095 1196 4153 detto
1213 4097 1318 4172 piazza
1340 4093 1495 4172 (Seterrae)
1511 4097 1550 4171 su
1571 4098 1656 4154 ritro-

330 4192 395 4240 aato
415 4199 455 4241 aa
470 4185 603 4258 pietroae
623 4182 655 4241 di
674 4200 791 4244 marma.
834 4186 914 4248 lium
935 4189 1084 4268 descripsi
1106 4193 1165 4253 sic:

878 4315 926 4374 TI
951 4337 959 4353 ·
982 4315 1108 4378 CLAV

983 4417 1109 4477 avet

784 4575 788 4580 ,
877 4529 931 4574 eo
946 4533 967 4574 u
980 4533 999 4574 τ
1012 4534 1021 4574 r
1036 4534 1052 4576 r
1067 4533 1110 4577 rc

919 4631 979 4676 cos
993 4645 1001 4660 ·
1015 4623 1059 4675 v·
1075 4633 1112 4675 rra

877 4730 1015 4790 senatvs
1041 4746 1048 4762 ·
1074 4734 1090 4775 r

919 4832 1013 4876 necas
1027 4847 1035 4860 ·
1048 4834 1095 4877 aar

918 4931 1099 4977 vass-racrv
1181 4969 1200 4994 ,

878 5030 1056 5087 osarnsogs
1075 5047 1082 5061 ·
1101 5034 1109 5074 ι

879 5114 1081 5176 saluus-tuor
