3736 5822
331 563 380 634 70
903 577 1085 632 MOMMSEN

328 753 493 812 Evidenter
515 750 732 811 Gutenstenius
759 751 833 808 haec
852 749 1012 826 descripsit
1033 769 1071 808 ex
1092 751 1159 825 ipso
1182 750 1235 807 ilio
1257 751 1309 825 qui
1332 750 1430 809 adhuc
1453 759 1537 810 extat
1558 752 1661 812 codice

328 853 442 912 Metelli
464 873 492 910 n.
510 851 589 911 6039
597 873 606 922 ;
634 869 704 909 nam
730 851 805 908 alter
830 871 859 909 n.
876 850 957 910 6036
981 850 1019 908 ab
1042 851 1190 927 exemplis
1214 848 1462 910 Gutenstenianis
1484 853 1575 911 etiam
1596 853 1661 910 lon·

328 954 395 1030 gius
422 953 542 1011 recedit
589 944 761 1027 Descripsit
788 961 888 1009 autem
916 951 972 1022 ita,
1008 959 1041 1009 ut
1067 960 1186 1028 praeter
1214 952 1331 1010 minora
1356 952 1387 1010 in
1415 953 1511 1012 altera
1537 954 1663 1013 adderet

329 1053 486 1111 formulam
513 1053 739 1125 dedicatoriam,
765 1053 796 1110 in
823 1053 918 1110 altera
943 1053 1059 1112 duobus
1087 1052 1162 1111 locis
1192 1071 1357 1113 numerum.
1374 1053 1499 1127 dierum,
1533 1073 1662 1130 quorum

329 1163 465 1213 neutrum
487 1154 517 1210 in
540 1153 601 1211 ulio
622 1155 728 1211 horum
751 1153 902 1212 titulorum
921 1155 1096 1230 apographo
1113 1161 1265 1230 comparet
1280 1163 1398 1229 praeter
1413 1153 1660 1214 Gutensteniana.

328 1255 375 1314 Ea
395 1255 487 1332 igitur
508 1263 692 1313 commentus
715 1263 761 1312 εει
783 1274 835 1330 ρει
854 1273 886 1314 εε
902 1255 1029 1313 innocua
1045 1265 1074 1314 et
1089 1255 1169 1326 uilia,
1192 1255 1245 1314 sed
1259 1254 1299 1312 ad
1314 1254 1448 1313 fraudem
1464 1256 1660 1332 detegendam

297 1353 302 1360 ’
328 1374 389 1414 non
405 1355 502 1413 minus
517 1362 588 1432 apta
602 1373 691 1431 quam
707 1353 853 1414 Hercules
869 1356 965 1414 victur
979 1355 1143 1414 honoratus
1158 1357 1197 1414 ab
1210 1355 1390 1432 imperatore
1403 1355 1625 1414 Valentiniano.

414 1457 442 1514 3.
480 1455 575 1514 Tituli
597 1473 657 1514 non
679 1455 722 1515 ita
743 1457 829 1531 pauci
851 1457 990 1534 leguntur
1011 1457 1089 1533 apud
1114 1454 1277 1515 Gruterum
1300 1476 1366 1515 cum
1390 1457 1664 1533 subscriptionibus

327 1555 442 1616 formae
463 1555 610 1628 diversae,
639 1557 727 1615 modo
754 1553 800 1614 ‘ex
822 1557 935 1616 Metelli
964 1558 1082 1616 schedis
1106 1553 1340 1628 Gutenstenius',
1369 1557 1457 1615 modo
1477 1553 1661 1618 ‘Metelluse

327 1657 429 1715 codice
450 1657 551 1716 fratris
574 1651 718 1728 Iucundi’,
740 1660 828 1716 modo
849 1655 997 1718 ‘Metellus
1020 1678 1036 1717 c
1059 1659 1264 1735 manuscripto
1286 1659 1388 1717 codice
1410 1659 1572 1718 cardinalis
1588 1658 1661 1718 Car·

327 1753 448 1832 penais’,
479 1775 556 1833 quas
583 1759 819 1834 subscriptiones
847 1759 957 1817 dudum
987 1760 1173 1819 intellectum
1203 1770 1251 1819 est
1277 1761 1453 1836 plerumque
1479 1769 1558 1819 certe
1582 1760 1660 1818 idem

249 1913 256 1922 ,
328 1857 514 1935 significare,
542 1858 572 1916 id
600 1867 646 1916 est
666 1860 786 1918 titulum
809 1879 848 1918 ex
871 1861 973 1919 codice
995 1861 1096 1920 fratris
1119 1861 1245 1919 Iucundi
1268 1870 1388 1920 servato
1411 1870 1472 1919 tum
1496 1863 1576 1938 apud
1597 1881 1661 1921 car-

327 1957 457 2016 dinalem
491 1957 673 2034 Carpensem
703 1961 854 2019 Metellum
887 1960 1104 2038 descripsisse,
1139 1960 1371 2021 Gutenstenium
1403 1981 1509 2022 rursus
1533 1959 1661 2023 'misisse

326 2075 366 2115 ex
393 2057 583 2117 Metellianis.
628 2059 771 2119 Versavit
796 2061 889 2138 igitur
918 2060 1135 2122 Gutenstenius
1164 2071 1307 2140 excerpta
1328 2063 1501 2122 Metelliana
1529 2064 1588 2122 iam
1617 2066 1660 2122 in·

327 2166 407 2216 serta
428 2158 524 2218 codici
538 2159 684 2219 Vaticano
701 2161 780 2220 6039
804 2182 833 2238 p.
850 2162 920 2221 242.
937 2163 1111 2223 309-328.
1128 2165 1188 2223 369
1212 2164 1255 2222 sic
1276 2165 1421 2240 inscripta
1441 2161 1488 2222 ‘ex
1506 2165 1585 2223 libro
1600 2167 1660 2241 epi·

327 2267 525 2334 grammatum
552 2280 642 2319 manu
669 2263 846 2338 scriptorum
875 2282 978 2323 recens
1000 2264 1159 2323 cardinalis
1182 2263 1372 2342 Carpensis’:
1402 2283 1478 2340 quae
1500 2285 1567 2324 cum
1588 2267 1660 2325 olim

326 2359 545 2435 perlustrabam
566 2361 696 2419 iudicavi
718 2371 862 2438 excerpta
883 2381 951 2423 esse
972 2385 1010 2423 ex
1033 2365 1198 2443 exemplari
1220 2365 1321 2442 aliquo
1344 2385 1534 2443 nequaquam
1549 2367 1661 2427 eximio

328 2459 463 2533 corporis
490 2460 679 2519 Iucundiani.
723 2463 820 2521 Velim
850 2472 950 2524 tamen
979 2468 1147 2526 accuratius
1174 2467 1396 2539 examinentur,
1426 2486 1486 2524 non
1521 2487 1580 2545 quo
1608 2489 1662 2546 per

329 2575 362 2616 se
389 2557 547 2619 utilitatem
574 2560 717 2634 babeant,
747 2564 801 2623 sed
827 2571 859 2623 ut
885 2565 1077 2644 intellegatur
1103 2566 1320 2628 Gutenstenius
1351 2569 1423 2646 quid
1450 2569 1518 2628 inde
1543 2571 1661 2630 trahere

329 2659 468 2735 potuerit.
512 2661 674 2721 Praeterea
701 2682 810 2742 corpus
833 2665 1060 2726 Muzochianum
1083 2669 1255 2729 adnotatum
1278 2689 1297 2727 a
1319 2670 1440 2729 Metello
1467 2689 1503 2728 eo
1529 2679 1661 2747 tempore

330 2769 481 2818 servatum
503 2762 584 2838 apud
598 2761 757 2823 Horatium
781 2767 910 2837 aValle,
932 2787 1020 2844 quem
1042 2770 1071 2827 id
1091 2767 1132 2828 ‘ut
1153 2780 1183 2830 et
1204 2765 1272 2828 alia’
1292 2769 1491 2831 Gutenstenio
1514 2774 1662 2832 obtulisse

331 2851 479 2920 Gruterus
505 2863 619 2936 scribit,
642 2865 706 2923 sine
729 2866 820 2925 dubio
842 2868 873 2926 id
894 2869 993 2945 ipsum
1016 2880 1077 2943 est,
1100 2871 1180 2947 quod
1202 2871 1291 2930 hodie
1313 2872 1424 2948 pariter
1444 2873 1611 2933 custoditur
1632 2875 1661 2932 in

331 2960 433 3020 eadem
459 2963 642 3022 bibliotheca
663 2967 811 3025 Vaticana
839 2968 919 3044 (cod.
943 2969 1049 3047 8495),
1079 2973 1129 3030 ubi
1157 2973 1222 3049 ipse
1244 2973 1384 3032 Metellus
1411 2975 1443 3032 in
1470 2976 1661 3035 adnotatione

330 3059 369 3117 ad
392 3061 607 3136 praefationem
629 3064 779 3144 adiecta¹)
802 3077 863 3128 tam
884 3071 1010 3130 Iucundi
1032 3073 1166 3131 meminit
1187 3091 1278 3148 quam
1299 3075 1368 3133 libri
1390 3074 1472 3135 illius
1488 3074 1660 3154 Oarpensis.

330 3160 396 3218 Iam
424 3161 515 3237 igitur
541 3181 607 3222 cum
635 3168 808 3228 Metelliana
833 3189 869 3228 ea
893 3189 970 3248 quae
997 3173 1076 3250 apud
1102 3173 1261 3233 Horatium
1290 3194 1309 3232 a
1329 3175 1418 3234 Valle
1445 3175 1661 3237 Gutenstenius

332 3260 407 3319 vidit
434 3262 531 3322 adhuc
559 3267 710 3340 supersint
736 3268 768 3327 in
796 3269 958 3343 Vaticana,
990 3293 1030 3332 ex
1057 3275 1105 3333 his
1132 3293 1210 3350 quae
1238 3274 1370 3336 Grutero
1397 3278 1512 3336 rettulit
1541 3279 1662 3356 exigere

331 3378 490 3437 possumus
513 3365 551 3422 ad
572 3365 656 3442 ipsas
678 3370 814 3430 schedas.
857 3373 932 3431 Mihi
954 3392 1021 3432 oum
1043 3372 1241 3452 Carpensium
1263 3389 1470 3454 excerptorum
1492 3382 1660 3458 exemplum

331 3473 450 3539 praesto
466 3482 527 3524 non
541 3467 589 3538 sit,
601 3467 839 3529 Meteliianarnm
854 3481 952 3532 autem
968 3475 1005 3532 ad
1016 3476 1204 3536 Mazochium
1221 3477 1447 3538 adnotationum
1461 3481 1570 3540 notitia
1585 3501 1661 3558 quae

332 3562 462 3623 sufficiat
477 3575 627 3644 suppetat,
642 3569 761 3630 interim
776 3573 1011 3647 experimentum
1026 3577 1123 3636 iacere
1135 3579 1226 3649 volui,
1242 3579 1320 3640 inter
1331 3579 1569 3641 Gutensteniana
1581 3581 1662 3642 Gru·

332 3664 388 3721 teri
415 3673 445 3722 et
466 3665 694 3728 Mazochianum
717 3689 826 3746 corpus
847 3691 866 3730 a
883 3674 1006 3732 Metello
1028 3676 1200 3737 adnotatum
1224 3699 1370 3756 quaenam
1392 3682 1468 3740 ratio
1489 3685 1661 3757 intercedat,

332 3770 361 3819 et
382 3763 431 3820 vel
454 3765 498 3824 sic
520 3767 700 3841 deprehendi
721 3770 775 3828 illa
796 3786 835 3829 cx
856 3773 914 3832 hoc
935 3775 1082 3850 proficisci
1101 3779 1209 3849 videri,
1231 3781 1285 3839 scd
1307 3789 1340 3838 ut
1360 3782 1550 3858 interpolatio
1572 3786 1661 3844 simul

332 3862 392 3919 lata
414 3876 553 3938 grassma
573 3885 642 3927 esse
662 3870 839 3929 inveniatur.
875 3873 1015 3950 Exempli
1038 3895 1131 3938 causa
1150 3879 1304 3940 titulorum
1327 3883 1390 3942 eius
1412 3885 1530 3959 generis
1553 3903 1609 3944 sex
1630 3888 1662 3945 in

333 3963 514 4024 urbanorum
537 3975 621 4042 parte
641 3969 739 4029 adbuc
760 3972 841 4049 typis
860 3973 1008 4051 impressa
1028 3998 1047 4036 a
1068 3999 1116 4037 me
1136 3978 1389 4055 deprehensorum
1411 3985 1531 4044 borum:

373 4063 428 4135 Vl,
459 4063 497 4124 89
521 4092 558 4116 =
573 4068 652 4126 Μαι.
665 4071 704 4128 33
729 4098 766 4122 -·
780 4071 867 4133 Grut.
885 4076 954 4149 100,
978 4078 996 4136 6
1017 4075 1041 4138 ‘e
1063 4081 1178 4138 Metelli
1201 4082 1317 4141 schedis
1338 4082 1573 4146 Gutenstenius’.

397 4205 412 4237 „
439 4165 499 4223 231
522 4191 559 4216 =
607 4211 622 4243 „
667 4169 768 4229 1εέ
815 4216 830 4250 „
888 4177 957 4248 109,
980 4179 997 4237 3
1019 4174 1044 4236 ‘e
1066 4180 1223 4240 Mazochio
1245 4191 1275 4240 et
1295 4201 1351 4242 ιιιε.
1373 4181 1504 4245 Metelli'.

398 4305 413 4338 ,,
437 4265 497 4324 562
521 4289 559 4319 a:
606 4309 621 4344 „
666 4271 705 4330 26
729 4297 766 4323 -·-
813 4317 828 4350 ,,
886 4278 955 4350 101,
980 4280 993 4336 l
1018 4275 1211 4340 ‘describebat
1229 4283 1371 4343 Metellus
1393 4305 1409 4344 e
1430 4286 1556 4346 Iucundi
1579 4290 1661 4348 sche-

1096 4380 1144 4440 dis
1165 4383 1217 4457 qui
1237 4379 1328 4443 vidit'.

395 4507 410 4541 „
437 4467 496 4527 563
521 4493 558 4518 =
605 4513 620 4548 ,‚
666 4472 704 4532 69
728 4501 766 4526 =
813 4519 828 4554 „
884 4477 954 4552 246,
977 4481 996 4538 4
1016 4477 1243 4542 ‘Gutenstenius
1269 4503 1285 4542 e
1307 4503 1363 4544 ms.
1385 4483 1517 4548 Metelli'.

397 4607 412 4642 ,,
437 4567 496 4626 719
521 4593 557 4620 -··-
605 4615 620 4646 „
665 4569 766 4633 23'=
811 4619 826 4650 „
884 4579 933 4652 35,
959 4581 997 4638 10
1017 4577 1165 4641 'Metellus
1187 4584 1477 4646 describebatems·
1496 4589 1562 4653 cod.
1580 4592 1660 4650 card.

1097 4680 1279 4761 Carpensis’.

395 4807 410 4842 „
436 4767 557 4836 885=
603 4813 619 4848 ,‚
665 4771 765 4834 60‘=
812 4819 827 4854 „
883 4776 954 4852 236,
979 4782 992 4837 1
1016 4777 1164 4843 ‘Metellus
1191 4804 1231 4844 ex
1255 4786 1293 4845 fr.
1315 4787 1443 4847 Iucundi
1475 4793 1662 4870 autographo

1095 4885 1148 4960 qui
1170 4887 1247 4945 vidit
1268 4885 1415 4950 deacrib’.

332 4983 537 4998 -ᾕ-

362 5097 374 5108 ”
427 5081 451 5148 ¹)
478 5089 519 5138 Ex
543 5101 577 5142 aa
597 5090 764 5142 ιᾰιιοιιιιοιιε
788 5105 854 5159 quta
877 5091 940 5146 ollm
959 5097 1211 5166 exscripsimus,
1236 5119 1295 5156 cum
1319 5119 1351 5156 nc
1371 5105 1452 5158 bodie
1470 5106 1575 5173 quidem
1594 5109 1660 5161 lactu

331 5173 437 5242 indigna
456 5178 516 5241 sint,
535 5179 596 5231 dedi
615 5181 642 5231 in
660 5181 803 5248 appendice
822 5184 858 5251 (p.
873 5185 927 5247 76).
