3736 5822
913 591 1113 645 WILMANNS

655 866 723 941 DE
750 860 1041 939 PRAEFECTO
1070 857 1380 936 OASTRORVM.

437 1041 587 1101 Praefecti
609 1049 774 1099 castrorum
796 1036 953 1114 quaerenti
974 1033 1048 1092 mihi
1069 1025 1261 1091 innotuerunt
1280 1030 1327 1088 hi:

420 1169 452 1244 l)
485 1168 641 1243 Vespasiae
656 1164 759 1223 Pollio.
776 1196 817 1205 —
840 1160 919 1220 Suet.
943 1160 1061 1235 Vespas.
1072 1159 1103 1216 1.·
1124 1157 1220 1228 Polla,
1235 1157 1363 1214 Nursiae
1377 1154 1490 1213 lonesto
1503 1172 1604 1230 parere
1620 1165 1683 1213 orta

504 1276 620 1343 patrem
641 1265 739 1323 lubuit
758 1263 925 1338 Vespasium
938 1260 1106 1329 Pollionem,
1130 1267 1172 1316 ter
1193 1259 1336 1315 tribunum
1356 1255 1476 1313 militum
1493 1257 1682 1332 praesectum-

508 1385 563 1442 que
584 1375 753 1434 castrorum,
769 1365 893 1439 frolrnn
914 1369 1069 1419 senatorem
1087 1361 1253 1434 praetoriae
1274 1359 1432 1432 dipnitatis.

357 1466 507 1544 Vespasia
527 1465 616 1526 Polla
640 1474 736 1524 mater
756 1471 803 1523 est
822 1459 1005 1536 Vespasiani
1025 1459 1229 1534 imperatoris,
1257 1458 1320 1515 nati
1342 1475 1421 1515 anno
1438 1455 1456 1514 9
1472 1473 1501 1532 p.
1517 1453 1570 1527 C.,
1599 1461 1683 1532 peter

356 1570 448 1646 igitur
469 1569 534 1626 sine
554 1567 645 1625 dubio
666 1565 884 1642 praefecturam
906 1567 1069 1620 castrorum
1092 1559 1221 1618 obtinuit
1241 1558 1405 1633 imperante
1427 1559 1574 1632 Angusto.

421 1669 455 1744 2)
488 1667 541 1726 M.'
562 1667 687 1724 Ennius.
706 1699 744 1709 -
766 1665 825 1722 Dr'o
838 1665 887 1734 55,
905 1663 925 1719 8
947 1659 1036 1736 (anno
1054 1659 1074 1717 8
1083 1679 1116 1738 p.
1136 1649 1185 1736 C.)
1206 1649 1408 1740 Eusvliinpilr
1428 1679 1471 1716 ree
1491 1646 1683 1739 npcrncsnrai-

510 1787 591 1835 μενος
611 1756 849 1833 μετοστῆσεοὲαι
871 1751 920 1818 καὶ
942 1750 1065 1832 πέμψας
1085 1753 1151 1816 κατ’
1171 1751 1241 1816 ariri
1262 1759 1345 1815 τοῦτο
1366 1751 1435 1840 aspie
1455 1747 1562 1814 Μάνιον
1579 1745 1684 1813 *aloru

511 1857 695 1948 φρούραρχον
716 1855 836 1922 Seruius
858 1858 893 1918 uis·
913 1851 1019 1930 ἕτοιμοο
1040 1848 1088 1928 niu
1110 1849 1147 1916 aiv
1168 1854 1359 1927 αὐτομολῆσαι
1379 1866 1443 1914 κτλ.
1457 1889 1495 1900 -
1521 1857 1549 1916 Τ
1547 1877 1590 1918 ac.
1606 1857 1682 1916 Anu.

510 1965 596 2038 I‚38
617 1965 706 2040 (anno
720 1965 760 2022 14
770 1983 802 2039 p.
821 1962 867 2039 C.)
891 1962 933 2020 Ar
952 1965 983 2020 in
1004 1963 1126 2022 Claucis
1147 1971 1309 2036 coeptavere
1327 1959 1489 2018 seditionem
1505 1960 1685 2034 praesidium

509 2070 651 2142 agitantes
676 2065 822 2124 vacillarit
846 2065 1020 2121 discordium
1047 2064 1185 2138 legionum
1211 2069 1238 2118 et
1258 2062 1406 2136 praesenti
1426 2061 1546 2118 duorum
1566 2059 1684 2118 militum

510 2169 653 2242 supplicio
676 2165 810 2242 paullum
835 2167 961 2239 repressi
984 2172 1059 2220 sunt.
1103 2163 1233 2221 Iusserat
1253 2161 1285 2218 id
1305 2160 1360 2218 M.’
1376 2160 1503 2232 Ennius,
1530 2171 1684 2220 castrorum

507 2269 683 2342 praefectus,
705 2265 776 2323 bono
797 2267 890 2338 inopis
911 2261 1035 2338 enemplo
1055 2280 1142 2338 pam
1163 2280 1292 2321 concesso
1313 2265 1385 2319 iure.

358 2365 410 2424 M.'
426 2365 517 2424 Ennii
539 2384 648 2424 nomeu
667 2374 747 2424 recte
769 2363 850 2439 apud
864 2362 1002 2422 Tacitum
1025 2362 1155 2422 restituit
1173 2360 1388 2438 Nipperdeius3
1410 2361 1474 2420 aad.
1496 2361 1576 2420 use.
1596 2361 1686 2420 habet

359 2466 505 2524 Mennius.

422 2568 450 2624 3.
463 2564 498 2641 4)
526 2565 565 2626 L.
585 2565 707 2642 Eppius.
737 2564 879 2624 Ceionius.
897 2595 935 2607 -
967 2563 1165 2636 villalta
1187 2563 1358 2638 (aano9p.
1383 2563 1414 2624 C.
1441 2567 1472 2621 in
1494 2563 1608 2639 prodis
1630 2563 1684 2623 Va-

511 2666 627 2742 riana).·
652 2665 731 2723 Daci
753 2665 823 2741 plus
849 2665 889 2724 ad
915 2665 1090 2724 moriendum
1115 2683 1202 2740 quam
1228 2666 1270 2723 ad
1292 2665 1478 2740 parandum
1498 2667 1589 2722 animi
1606 2666 1685 2740 suit.-

512 2772 618 2846 qur'ppe
632 2769 749 2842 paterni
769 2769 895 2842 avitique
913 2768 1035 2841 ¹asempli
1055 2783 1199 2825 succemor
1217 2769 1323 2841 seipse
1336 2766 1486 2840 transfixit.
1518 2765 1561 2822 At
1574 2783 1589 2822 c
1600 2782 1686 2840 prae-

504 2870 591 2942 sectis
613 2876 771 2926 castrorum
791 2865 900 2924 duobus
921 2885 1007 2943 quam
1029 2867 1137 2926 clarum
1159 2867 1314 2943 exemplum
1328 2865 1366 2923 L.
1381 2864 1504 2941 Eppius,
1527 2875 1584 2924 tam
1603 2875 1687 2941 turpe

515 2968 646 3028 Ceionius
664 2969 807 3042 prodidit,
828 2969 887 3043 qui,
908 2984 970 3024 cum
992 2967 1073 3042 lonpe
1087 2971 1239 3026 mammam
1256 2976 1370 3043 partem
1383 2966 1587 3042 absumpsisset
1599 2970 1687 3038 acies,

512 3079 613 3128 auctor
635 3069 784 3126 deditionis
806 3067 948 3143 supplicio
969 3085 1055 3143 quum
1072 3067 1183 3142 proelio
1204 3071 1277 3126 mori
1295 3067 1405 3126 maluit.

423 3172 457 3248 5)
490 3171 528 3230 L.
553 3171 712 3230 Caedicius.
727 3199 768 3210 -
790 3166 990 3237 Vitiatio
1011 3167 1180 3244 (anno9p.
1200 3168 1229 3227 C.
1247 3178 1317 3243 post
1332 3168 1474 3244 proelium
1496 3167 1685 3243 Varianam).-

513 3271 551 3330 L.
579 3273 662 3328 edam
685 3268 813 3340 Caedici,
835 3269 979 3346 praesenti
1000 3277 1173 3340 castrorum,
1202 3286 1351 3343 eorumque
1372 3272 1421 3344 qui
1440 3287 1499 3326 una
1519 3270 1687 3328 circumdati

512 3371 633 3431 Alisone
664 3372 799 3428 inmensis
828 3368 1034 3428 Cumanorum
1061 3372 1151 3444 copiis
1177 3369 1388 3442 obsidebantur,
1416 3369 1568 3426 laudanda
1594 3374 1686 3428 uirtus

513 3485 555 3533 etl
574 3483 625 3532 ccl.

423 3575 455 3651 6)
487 3575 656 3650 Aufidianus
670 3571 777 3644 Rufus.
792 3601 831 3613 -
857 3570 923 3632 Tac.
945 3589 1013 3630 ann.
1028 3572 1055 3642 1,
1072 3569 1115 3628 20
1136 3569 1225 3646 (anno
1239 3572 1279 3630 14
1290 3589 1322 3646 p.
1339 3569 1371 3631 C.
1393 3573 1424 3628 in
1445 3571 1580 3630 seditione
1600 3571 1688 3648 lepis·

510 3694 578 3734 num
598 3673 828 3731 Pannonicorum
847 3671 932 3730 VIII
943 3670 1032 3746 Aua,
1055 3670 1112 3728 IX
1127 3671 1227 3746 Hisp„
1251 3671 1320 3731 XV
1328 3669 1521 3747 Apollinaris,
1543 3689 1616 3747 quae
1637 3675 1688 3732 iis·

512 3777 574 3833 dern
588 3775 692 3832 castris
714 3774 830 3829 arsacis
851 3770 938 3829 simul
959 3771 1164 3848 ludebamur).-
1185 3775 1293 3831 interea
1314 3771 1456 3846 manipuli
1476 3781 1541 3830 ante
1561 3782 1687 3850 coeptam

512 3875 675 3933 seditionem
694 3871 877 3947 Nauportum
902 3874 984 3932 missi
1009 3871 1043 3930 ob
1063 3876 1168 3931 itinera
1189 3883 1216 3932 st
1231 3881 1333 3948 pontes
1355 3883 1380 3931 et
1400 3873 1476 3930 alios
1497 3891 1581 3942 usus,
1604 3883 1688 3948 post-

513 3993 599 4050 quam
621 3973 761 4031 turbatum
783 3976 814 4031 in
835 3975 940 4031 castris
960 3990 1100 4049 accepere,
1121 3973 1229 4032 ossilla
1251 3972 1467 4034 conuellunt-
1485 4004 1522 4016 -
1540 3977 1688 4034 -retmsna‘s

512 4076 687 4134 centuriones
706 4076 801 4132 inrisu
822 4082 848 4131 et
864 4073 1046 4144 contumeliis,
1064 4083 1209 4151 postremo
1223 4073 1385 4132 salaribus
1399 4076 1582 4146 insectantur,
1600 4093 1688 4151 prae·

514 4180 598 4250 cipua
617 4179 648 4232 in
663 4173 842 4248 Aufidienum
855 4174 974 4250 Rufirm,
991 4177 1168 4249 praesectum
1182 4185 1349 4245 caseorum,
1370 4178 1427 4246 ira,
1449 4193 1530 4251 quern
1544 4177 1689 4251 dereptum

514 4275 643 4333 caliculo
664 4276 788 4332 sarcinis
809 4285 934 4349 prae-ant
954 4285 1098 4352 apuntque
1118 4277 1149 4334 in
1170 4279 1291 4352 apmins,
1309 4294 1366 4351 per
1386 4275 1540 4334 ludibrium
1560 4280 1688 4352 rapitan-

362 4440 566 4451 --

363 4565 389 4626 3,
405 4565 421 4614 2
441 4579 467 4628 p.
480 4565 544 4625 427,
563 4576 617 4611 non
636 4561 774 4612 sufiiciunt.
811 4562 913 4612 Deinde
932 4563 976 4627 qui
996 4577 1076 4627 nuper
1094 4563 1127 4612 da
1145 4564 1307 4628 praefectura
1324 4565 1434 4630 legionis
1452 4564 1504 4628 egit
1522 4563 1577 4612 Leo
1593 4561 1691 4614 Reuier

361 4652 429 4706 min.
449 4653 480 4704 de
499 4648 515 4704 l'
518 4653 577 4703 inst.
596 4653 655 4719 imp.
677 4653 747 4703 1867
767 4668 793 4717 p.
808 4653 921 4718 302sq.,
941 4653 964 4702 ia
983 4669 1034 4719 quo
1053 4661 1091 4704 est
1108 4655 1212 4718 ingeui0
1232 4664 1306 4706 acuto
1326 4657 1448 4722 uberique
1467 4654 1585 4704 doctrina
1602 4653 1688 4704 Larcii

361 4744 455 4810 Lepidi
480 4746 582 4795 titulum
604 4744 736 4809 praeclare
760 4743 901 4808 supplerit3
926 4759 991 4808 quae
1009 4750 1096 4796 tamen
1115 4746 1147 4795 de
1166 4747 1328 4811 praefectura
1345 4747 1453 4811 legionis
1472 4745 1605 4806 disseruit,
1628 4759 1689 4809 pro·

299 4847 301 4850 ·
362 4835 449 4886 banda
477 4851 530 4886 non
554 4829 610 4886 ease
634 4841 660 4886 et
682 4848 715 4884 ex
740 4835 772 4884 iis
795 4841 858 4898 puto
882 4849 947 4899 quae
970 4849 1048 4900 supra
1071 4838 1146 4902 posui
1169 4845 1276 4902 apparet
1300 4845 1325 4888 et
1350 4843 1409 4887 ante
1437 4850 1479 4886 me
1504 4835 1692 4886 demonstrarit

362 4927 539 4976 Mommsenus
557 4926 626 4988 (loco
644 4940 706 4976 mox
726 4924 853 4988 citaudo);
877 4932 946 4975 recte
964 4933 1050 4976 tamen
1069 4929 1217 4994 primusque
1236 4927 1325 4978 docuit
1341 4928 1528 4993 praefecturam
1547 4932 1689 4977 annorum

362 5031 490 5066 summum
508 5031 563 5067 esse
587 5016 697 5065 militare
721 5030 814 5065 munus
836 5015 864 5065 iu
889 5017 1018 5081 Aegypto.
1060 5017 1179 5084 Denique
1204 5016 1329 5069 nonnulla
1351 5019 1384 5068 de
1406 5017 1569 5084 praefectura
1591 5015 1690 5082 optima

363 5109 483 5172 exposuit
494 5107 679 5168 Mommsenus,
699 5121 756 5156 cum
774 5106 876 5157 titulum
896 5106 928 5157 T.
943 5108 1026 5158 Flavii
1038 5109 1180 5174 Vergiliani
1201 5109 1289 5175 (supra
1306 5125 1333 5162 n.
1347 5108 1393 5172 24)
1413 5109 1501 5160 ederet
1519 5110 1547 5160 iu
1559 5105 1690 5161 Gerhardi

364 5199 527 5266 ephemeride
545 5201 674 5253 archaeol.
693 5199 801 5252 XXVII
820 5197 913 5258 (1869)
932 5211 957 5263 p.
974 5199 1034 5248 123.
