3742 5826
592 637 890 694 onsuuvsrromss
908 639 1027 694 aaron.
1046 641 1096 694 vr.
1432 631 1503 705 129

176 815 240 873 suis
262 813 400 871 Postumi
421 811 595 870 concubinis
618 828 727 869 nomen
748 811 884 872 duxisse.
920 814 1084 889 Imperator
1105 814 1267 876 Antoninus
1285 817 1433 896 Augustus
1454 826 1507 901 qui

178 915 347 973 nominatur
367 912 430 972 v.9
453 931 523 970 num
546 913 586 970 sit
606 911 680 970 Pius
703 931 741 970 an
763 913 884 971 Marcus
906 932 945 970 un
968 913 1126 974 Caracalla
1146 937 1183 975 an
1205 918 1404 996 Elagabalus,
1426 935 1509 986 certa

177 1015 291 1074 ratione
314 1012 431 1072 definiri
454 1032 513 1070 uon
531 1020 642 1090 potest,
664 1031 731 1071 cum
746 1031 823 1090 quse
837 1023 993 1088 praeterea
1005 1015 1037 1072 in
1053 1015 1139 1074 titulo
1153 1017 1293 1095 leguntur
1307 1023 1437 1082 omnium
1453 1025 1507 1085 ho-

176 1135 243 1175 rum
258 1116 384 1192 tempori
398 1123 479 1174 recte
494 1113 681 1172 conveniant
697 1145 739 1158 -
761 1111 877 1172 Cursus
899 1115 1047 1174 honorum
1068 1118 1144 1176 satis
1166 1120 1325 1196 expeditus
1347 1131 1402 1182 est
1439 1125 1507 1186 Tri·

176 1217 320 1275 buuatum
347 1216 507 1274 militarem
532 1214 696 1273 Postumus
722 1223 774 1272 aut
798 1214 900 1273 omisit
926 1223 978 1273 aut
1002 1213 1171 1294 reticuit¹).
1215 1219 1292 1278 Post
1317 1233 1508 1296 quaesturam

177 1336 280 1375 curam
295 1317 430 1374 coloniae
443 1315 564 1374 Ardeae
585 1315 708 1391 accepit,
731 1333 809 1391 quae
830 1316 999 1374 curationes
1021 1334 1202 1393 quamquam
1223 1320 1401 1399 plerumque
1422 1345 1508 1401 prue-

178 1419 264 1477 toriis
286 1417 507 1493 permittuntur,
528 1434 588 1474 non
610 1415 750 1474 deliciunt
771 1415 910 1490 exempla
931 1425 999 1476 ante
1021 1426 1191 1493 praeturam
1213 1421 1397 1500 daurums).
1441 1427 1508 1487 Tri.

179 1519 322 1576 bonatum
343 1517 440 1594 plebis
463 1517 565 1576 omisit
585 1516 718 1574 adlectus
740 1515 817 1574 iuter
839 1517 1015 1576 tribunicios
1038 1518 1076 1576 ab
1098 1519 1286 1595 imperatore.
1329 1523 1402 1583 Mox
1424 1537 1511 1603 gesta

179 1625 320 1695 praetura
341 1617 453 1694 legioni
468 1617 513 1674 Vl
533 1617 672 1688 ferratae,
694 1635 770 1693 quae
792 1634 828 1674 eo
850 1625 984 1693 tempore
1005 1619 1036 1676 in
1058 1619 1171 1679 ludaea
1192 1630 1266 1694 erat,
1288 1623 1406 1700 legatus
1424 1646 1510 1705 prae-

178 1717 245 1778 fuit.
288 1719 352 1776 lam
375 1736 446 1775 vcro
472 1736 549 1794 quae
575 1726 739 1793 sequuntur
766 1716 856 1775 verba
882 1720 1015 1777 ordinato
1040 1723 1071 1776 in
1096 1719 1197 1779 Gellio
1219 1733 1251 1780 ut
1270 1727 1396 1802 quinque
1409 1731 1510 1803 sorem

179 1819 251 1896 quid
272 1818 448 1896 significent,
470 1818 682 1895 explicandum
703 1825 756 1876 est
794 1814 866 1878 Siue
887 1817 978 1877 dubio
1001 1838 1061 1878 non
1083 1820 1139 1878 hoc
1162 1824 1332 1882 enuntiatur
1350 1826 1509 1904 imperato·

89 1977 95 1988 ‚
179 1940 242 1980 rem
264 1922 296 1978 in
316 1918 420 1980 Gallia
441 1927 605 1978 morantem
627 1917 774 1977 Postumo
795 1935 903 1976 munus
926 1918 1048 1993 aliquod
1070 1920 1269 1996 impertivisse
1291 1943 1358 1983 cum
1379 1929 1512 2007 quinque

180 2021 305 2081 fascium
326 2021 391 2078 iure
414 2021 619 2090 coniunctum,
647 2037 715 2078 cum
736 2018 883 2076 eiusmodi
905 2019 1109 2096 interpretatio
1131 2026 1162 2078 et
1183 2021 1331 2084 similibus
1352 2026 1510 2090 locutioni·

181 2122 236 2181 bus
258 2121 411 2180 contraria
431 2119 509 2196 sit³)
531 2127 561 2178 et
582 2121 650 2195 ipsa
671 2119 816 2189 absurda3
839 2135 936 2194 neque
958 2120 1036 2177 enim
1059 2118 1097 2178 ad
1118 2141 1179 2180 rem
1201 2124 1339 2198 pertinet,
1362 2137 1460 2187 uuum
1479 2133 1512 2189 in

99 2287 105 2294 ,
182 2221 285 2282 Gallia
308 2240 348 2279 au
374 2223 405 2281 in
427 2221 501 2280 urbe
522 2221 697 2280 beneficium
718 2219 757 2277 ab
779 2221 959 2295 imperatore
981 2220 1161 2280 conferatur.
1204 2221 1272 2281 Hoc
1293 2227 1392 2302 posito
1414 2232 1513 2306 sequi-

181 2329 231 2382 tur
246 2322 338 2380 verba
357 2321 394 2380 de
416 2322 525 2399 quibus
548 2321 665 2399 agimus
688 2339 749 2380 nou
771 2317 978 2396 coniungenda
998 2339 1066 2379 esse
1088 2337 1155 2380 cnm
1176 2321 1215 2381 iis
1236 2341 1313 2400 quae
1331 2331 1514 2401 praecedunt

178 2425 275 2500 praefi
298 2427 396 2482 aerari
415 2423 506 2489 milit..
528 2440 595 2480 cum
617 2440 654 2480 ea
674 2423 863 2498 praefectura
883 2421 915 2479 in
936 2423 1009 2480 urbe
1031 2421 1234 2482 administrari
1251 2424 1397 2500 debuerit,
1417 2432 1512 2491 multo

183 2524 281 2583 miuus
306 2543 373 2583 cum
398 2523 437 2583 iis
464 2541 540 2599 quae
567 2531 733 2598 sequuntur
758 2521 796 2581 de
821 2521 971 2598 legatione
998 2522 1163 2599 legionaris
1184 2522 1393 2588 administrata
1412 2530 1444 2590 in
1465 2533 1513 2591 Iu·

183 2625 268 2698 daea,
290 2623 344 2684 sed
365 2641 501 2683 seorsum
522 2622 706 2698 accipienda,
727 2629 761 2681 ut
781 2623 948 2700 significent
966 2640 1074 2682 munus
1094 2624 1172 2682 iuter
1190 2625 1372 2701 legationem
1386 2631 1515 2708 legionis

183 2732 214 2785 et
238 2725 456 2802 praefecturam
483 2724 592 2783 aerarii
616 2723 835 2800 interpositum.
878 2721 945 2782 Nec
966 2741 1075 2783 munus
1097 2724 1172 2783 illud
1193 2725 1283 2802 plane
1302 2727 1437 2805 ignotum
1459 2743 1513 2808 est,

184 2827 275 2885 immo
302 2835 372 2902 post
397 2845 446 2896 ea,
473 2843 552 2902 quae
577 2824 614 2883 de
640 2823 938 2900 quinquesascalibus
965 2825 1038 2882 olim
1064 2824 1151 2884 docui
1161 2824 1206 2901 ⁴),
1233 2828 1289 2887 hoc
1310 2849 1403 2889 unum
1424 2851 1515 2908 quse-

184 2927 309 2988 reudum
332 2933 478 3004 superest,
505 2932 604 2984 utrum
626 2924 839 3002 intellegantur
860 2924 1006 2984 hocloco
1027 2925 1119 3002 legati
1140 2928 1270 3004 Augusti
1292 2932 1515 3006 provinciarum

184 3029 340 3105 praetorii,
361 3029 553 3106 magistratus
575 3045 608 3084 re
629 3033 708 3084 certe
730 3025 885 3098 ordinarii,
907 3043 946 3083 an
968 3025 1059 3103 legati
1074 3026 1207 3104 Augusti
1228 3039 1317 3090 extra
1334 3032 1468 3094 ordinem
1482 3037 1515 3096 in

184 3129 357 3207 provincias
383 3126 549 3188 senatorius
576 3125 676 3197 missi;
705 3145 774 3185 nam
802 3135 864 3184 tam
890 3125 950 3185 illis
971 3144 1062 3202 quam
1084 3125 1131 3184 his
1152 3125 1284 3204 quinque
1304 3131 1403 3192 fasces
1425 3135 1516 3196 tribui

186 3230 333 3289 solebant
374 3226 502 3288 Videtur
530 3235 629 3286 autem
650 3227 814 3288 Postumus
839 3245 879 3285 ex
904 3227 961 3285 hoc
986 3243 1095 3302 genere
1120 3229 1217 3303 magis
1242 3229 1337 3290 fuisse
1364 3250 1453 3308 quam
1476 3257 1515 3296 ex

186 3331 248 3390 illo.
284 3329 365 3390 Nam
385 3330 502 3406 legatus
518 3329 649 3404 Augusti
665 3328 735 3387 sive
756 3325 1013 3405 quinquefascalis
1030 3326 1201 3402 provinciae
1215 3326 1427 3406 Lugdunensis
1441 3337 1516 3396 mire

186 3433 335 3491 diceretur
363 3431 512 3489 ordinatus
534 3433 565 3487 in
589 3427 690 3488 Gallio
711 3429 752 3485 od
772 3431 896 3503 quinque
910 3427 1025 3501 fascem
1052 3434 1157 3485 contra
1183 3445 1219 3484 ea
1241 3430 1420 3505 significatio
1442 3439 1516 3497 satis

187 3541 324 3592 accurate
351 3531 514 3610 respondet
539 3528 676 3590 Graecae
703 3522 772 3611 opis
801 3517 880 3582 πέντε
908 3517 1041 3607 ῥάβδους
1068 3516 1216 3600 πεμφθεὶς
1243 3527 1282 3586 εἰς
1311 3526 1515 3612 uerissime),

188 3633 294 3710 ltaque
321 3633 390 3691 talis
419 3631 551 3696 muneris
579 3631 708 3707 primum
737 3627 907 3705 exemplum
932 3625 1041 3686 Latine
1068 3627 1213 3702 scriptum
1238 3629 1343 3690 titulus
1369 3630 1516 3696 Cirtensis

188 3734 403 3794 subministrat.

265 3925 289 3988 ¹)
318 3925 359 3976 cf.
374 3922 532 3976 Staatsrecbt
546 3928 570 3988 1,
585 3925 648 3976 449.
685 3923 767 3975 Omisi
785 3923 822 3973 ibi
842 3923 927 3974 locum
945 3923 1013 3972 uitae
1026 3921 1116 3974 Severi
1135 3938 1157 3973 c.
1172 3924 1188 3972 2
1208 3939 1290 3989 nuper
1308 3928 1410 3992 egregie
1429 3943 1516 3981 emen.

188 4017 276 4068 dotum
288 4016 321 4067 ab
335 4017 508 4067 Hirschfeldio
527 4015 646 4078 (Hermes
655 4015 680 4077 3,
692 4014 765 4077 280),
784 4014 829 4065 ubi
841 4020 962 4065 narratur
974 4014 1098 4066 Seuerum
1112 4021 1274 4078 quaesturam
1287 4019 1415 4081 accepisse
1428 4023 1517 4072 omisso

189 4107 318 4158 Mbunotu
335 4107 451 4159 militari.

265 4197 291 4260 ²)
319 4199 425 4250 lienzeu
444 4200 471 4250 in
490 4213 551 4248 ann.
571 4198 630 4247 inst.
650 4195 720 4247 arch.
742 4196 821 4257 1851,
842 4197 885 4246 25.

267 4287 293 4351 ⁸)
320 4291 445 4353 Intellego
464 4289 564 4338 titulum
578 4286 659 4339 Orell.
673 4287 745 4338 3456
759 4305 793 4328 =
808 4284 877 4336 Bali.
891 4279 950 4336 dett
965 4283 1029 4336 Iasi.
1044 4286 1114 4337 1845
1128 4302 1154 4351 p.
1165 4287 1218 4337 137
1238 4287 1280 4349 (cf.
1293 4290 1388 4348 ibidem
1402 4309 1428 4357 p.
1442 4295 1518 4356 132)=

191 4377 251 4430 Sex.
271 4379 359 4431 Aetrio
445 4377 538 4430 Feroci
558 4379 699 4430 centurioni
720 4375 900 4444 leq(ionis)11
919 4375 1048 4426 Troianae
1064 4376 1159 4440 sortia.-
1183 4375 1242 4428 huic
1259 4381 1344 4446 primo
1367 4384 1471 4433 omnium
1489 4399 1520 4434 ex

191 4470 383 4533 caracteris)
400 4469 548 4538 proetiects')
567 4467 691 4536 vigilam)
704 4469 764 4535 imp.
780 4465 875 4518 Caesar
887 4467 1029 4517 Antoninus
1041 4466 1109 4532 Any.
1121 4464 1186 4516 Pius
1198 4483 1229 4534 p.
1241 4484 1272 4535 p.
1285 4469 1395 4521 ordinem
1407 4471 1518 4523 Alexan·

192 4561 266 4612 drioe
284 4559 360 4611 dedit.
398 4562 527 4612 Nimirum
549 4560 676 4624 legionem
700 4560 772 4609 illam
791 4566 880 4608 notum
899 4565 938 4608 est
956 4558 1099 4608 constitisse
1117 4556 1303 4610 Alexandriae.
1341 4561 1519 4614 conferendus

193 4661 232 4703 est
250 4654 327 4703 etism
346 4652 434 4702 titulus
452 4652 569 4702 llenzcui
588 4651 715 4702 1167733
736 4665 766 4700 ea
785 4649 833 4715 leq.
851 4645 907 4697 VII
925 4645 964 4698 01.
984 4646 1146 4697 ordinatur?
1165 4648 1192 4696 ia
1211 4647 1259 4714 leq.
1279 4647 1346 4700 IIII
1361 4650 1429 4718 Scyt.
1449 4655 1519 4705 simi·

193 4742 280 4808 lesque
298 4739 324 4793 u'.
338 4743 419 4793 8772.
433 4742 513 4793 6774.

269 4831 294 4896 ⁴)
322 4831 439 4884 Bericite
457 4831 502 4884 der
520 4830 603 4882 sicis.
625 4828 760 4882 Geretlsci.
783 4829 852 4879 1852
872 4843 898 4894 p.
913 4829 976 4879 227.
1009 4823 1167 4878 Stautrreclt
1187 4831 1211 4890 1,
1226 4828 1289 4880 308.

270 4921 295 4984 ⁵)
323 4923 353 4974 c.
365 4924 388 4975 1.
402 4923 448 4976 sr.
468 4923 549 4974 suaa.
568 4923 651 4974 eoas.
687 4921 813 4974 similiter
831 4921 884 4970 Dio
905 4921 1012 4981 57,17:
1031 4919 1086 4976 aare
1105 4915 1129 4967 n
1147 4916 1180 4992 'i
1195 4911 1274 4985 'seta
1292 4908 1384 4971 etam
1402 4927 1457 4982 aare
1474 4916 1521 4974 tet

194 5011 239 5064 rei
261 5011 369 5084 σεισμοῦ
388 5009 557 5074 κακωθείσαις
581 5003 640 5082 ἀνὴρ
664 5002 847 5080 impermistis
865 4999 910 5061 edu
928 5006 998 5060 niusa
1018 4997 1173 5081 ρἀβδοῦχοις
1191 5000 1371 5082 προσετάχθη.
1410 5013 1451 5066 cf,
1470 5017 1522 5068 Ta.

195 5105 260 5158 citus
276 5119 338 5158 auu.
358 5106 384 5170 2,
404 5107 445 5158 17.
