3736 5822
187 559 280 611 lii-20
609 555 691 607 VOL.
706 556 721 606 1
737 555 1091 618 ANTIQVISSIMARVM.

185 729 225 788 19
247 729 410 787 Praeneste
431 727 462 786 in
484 727 569 786 cista.

226 867 256 922 in
278 863 427 940 operculo:

737 961 822 1012 serulae
843 964 865 1003 in
1143 966 1177 1005 eir·
1197 965 1221 1007 ia

417 1015 502 1062 ⁸¹7⁶„
538 1056 558 1072 -·
723 1056 777 1096 equo
799 1045 884 1086 mortno
1079 1052 1176 1090 monem
1195 1049 1282 1090 marino

228 1187 258 1240 in
279 1187 346 1258 ipsa
368 1185 456 1241 cista.-

187 1316 314 1360 sramvs
336 1315 422 1358 DOXA
447 1315 610 1359 deVldEDd
630 1315 801 1360 munitos
826 1316 911 1360 lECES
938 1317 1086 1362 sousstos
1110 1317 1285 1363 ΔΕΜΕΜΕΝΟ
1311 1319 1401 1364 lSTOR
1430 1322 1513 1366 tsvts

199 1401 267 1451 Soter
337 1399 423 1450 seusina
494 1400 580 1449 semina
635 1400 756 1442 er'rtastae
813 1403 918 1452 scriptam
975 1403 1010 1443 eir
1023 1403 1098 1444 laetas
1176 1405 1212 1444 etr
1257 1384 1277 1469 ,ξ
1301 1405 1384 1448 tarenta
1428 1405 1514 1456 semina

208 1493 255 1524 rum
332 1483 356 1522 tn
369 1493 437 1524 ranas
498 1482 585 1523 lamae
655 1483 742 1524 luerim
807 1484 830 1524 ln
845 1485 924 1525 tabella
1010 1486 1066 1526 dane
1156 1487 1231 1528 baculo
1259 1496 1277 1542 ε
1310 1489 1379 1539 diuite

182 1565 269 1614 semina
323 1565 443 1606 celantem
500 1565 578 1605 Mra
655 1565 728 1614 fresis
807 1569 919 1608 commane
1000 1573 1072 1610 resena
1148 1569 1236 1610 iusim
1257 1542 1283 1646 ἒ·
1304 1581 1382 1612 samm

348 1652 420 1688 team
506 1647 563 1696 sane
664 1657 729 1698 equor
825 1649 901 1702 adfixa
1008 1662 1063 1692 arae
1262 1673 1277 1716 ε
1298 1657 1387 1704 tunam

497 1740 583 1771 cervam
669 1730 724 1772 dues
992 1733 1080 1775 inerim

499 1812 577 1854 duem
658 1821 730 1854 ream
1262 1717 1282 1854 ἓ

186 1931 223 1990 R.
240 1929 375 1992 Schoeno
396 1930 448 2006 qui
470 1931 545 1989 vidit
566 1931 596 1989 in
618 1949 686 1989 ann.
709 1931 780 1991 inst.
804 1931 884 1990 arch.
910 1931 989 1991 1870
1011 1952 1040 2009 p.
1057 1932 1173 2009 335sq.
1196 1935 1255 1992 tab.
1271 1935 1378 1995 XXII.
1392 1937 1512 1998 XXlIl.

186 2032 248 2092 Pro
270 2047 439 2090 novusne
459 2031 520 2110 legi
541 2049 633 2110 posse
654 2033 745 2091 etiam
767 2048 936 2091 nsovneoa
956 2033 1071 2090 monuit
1091 2033 1263 2093 Hennenus.
1442 2095 1447 2104 ,

230 2131 397 2206 Quamnam
424 2131 556 2191 fabulam
577 2142 805 2209 repraesentare
825 2133 955 2192 voluerit
976 2133 1106 2193 caelator
1127 2153 1193 2193 cum
1215 2136 1344 2196 nondum
1367 2139 1441 2198 satis
1462 2159 1514 2200 ex·

186 2235 297 2313 plicare
317 2235 468 2310 potuerint
488 2235 547 2293 viri
569 2235 686 2306 eruditi,
708 2253 746 2293 ne
768 2234 804 2292 de
826 2235 995 2293 nominibus
1016 2235 1134 2310 quidem
1158 2237 1295 2297 omnibus
1313 2238 1416 2315 liquet.
1453 2239 1515 2314 Qui

187 2335 301 2394 medius
323 2336 454 2394 cernitur
474 2335 595 2394 omnino
617 2344 663 2393 est
684 2337 766 2394 Aiax
781 2333 896 2407 Oileus,
919 2352 988 2394 nam
1009 2355 1065 2413 pro
1086 2337 1232 2396 vocabulo
1253 2331 1356 2400 obses
1376 2341 1446 2399 item
1469 2361 1513 2400 re·

187 2435 278 2513 periri
299 2444 330 2495 et
347 2427 437 2494 Ἰλεύς
459 2445 489 2496 et
510 2436 589 2514 apud
610 2435 735 2496 Latinos
757 2445 893 2496 auctores
910 2435 1008 2494 Oileus
1029 2435 1076 2512 (ut
1097 2435 1162 2496 Cic.
1185 2437 1222 2496 de
1244 2447 1319 2498 orat.
1343 2439 1371 2513 2,
1387 2440 1436 2514 66,
1454 2439 1513 2501 265

187 2539 376 2598 incentiones
400 2537 509 2614 Oileos)
531 2547 613 2596 recte
634 2539 750 2597 monuit
771 2535 950 2610 Schoenius,
972 2556 1068 2613 neque
1090 2537 1255 2598 audiendus
1276 2550 1323 2599 est
1345 2539 1514 2603 Corssenus

188 2638 282 2715 (apud
304 2638 485 2700 Schoenium
505 2658 536 2716 p.
551 2639 625 2716 338)
655 2639 818 2698 seeundum
839 2637 1014 2698 vocabulum
1037 2639 1139 2698 nescio
1161 2639 1312 2716 quomodo
1334 2642 1454 2703 trahens
1476 2643 1515 2702 ad

186 2758 294 2800 nomen
321 2741 398 2817 equi.
442 2740 517 2798 Item
544 2741 624 2817 quod
651 2741 783 2817 pingitur
809 2741 841 2798 in
866 2740 977 2798 tubelle
998 2739 1037 2797 nd
1058 2741 1228 2799 columnam
1249 2741 1394 2816 pendente
1418 2759 1513 2816 tecm,

187 2851 266 2900 recte
292 2841 371 2899 idem
393 2836 559 2900 Schoenius
581 2841 654 2899 vidit
682 2860 741 2900 non
766 2859 834 2900 esse
859 2841 982 2900 alterius
1004 2839 1074 2916 equi
1095 2860 1218 2914 nomen,
1247 2861 1324 2918 quae
1346 2851 1392 2902 est
1412 2845 1515 2919 opinio

189 2940 343 3014 (loraseni,
366 2942 418 3000 sed
434 2944 508 3017 tepea
521 2942 708 3001 vocabulum.
738 2943 869 3002 Soreeioe
884 2942 1053 3000 obscurum.
1086 2941 1252 3001 Acmenmo
1267 2947 1314 3002 e'st
1328 2943 1514 3020 Apamensem

187 3045 373 3120 comparavit
387 3041 555 3102 Corssenus
570 3045 650 3120 quod
666 3043 866 3115 estl,1539e
884 3041 1099 3119 Coleenet(ius).
1128 3045 1207 3102 Ister
1224 3062 1329 3104 rursus
1345 3043 1515 3119 obscurum,

188 3154 366 3220 quamquam
388 3142 506 3204 Graece
526 3144 613 3204 radix
634 3145 793 3222 perspicua
813 3153 870 3203 est.
912 3143 1007 3203 Laeta
1028 3143 1198 3205 Corssenus
1220 3148 1315 3205 credit
1335 3165 1405 3207 esse
1421 3146 1516 3207 (hae-

188 3263 253 3304 cum
276 3237 345 3302 nm'e
367 3245 570 3322 probabiliter.
613 3245 782 3305 Laoumeda
803 3245 911 3304 mulier
930 3243 1046 3305 Graece
1067 3246 1193 3305 dicenda
1213 3247 1270 3306 luit
1290 3239 1445 3318 Λαομέδεια
1466 3249 1515 3307 vel

187 3336 330 3413 Λαομέδα,
351 3355 385 3404 ut
403 3337 587 3427 Ἀνδρομέδα.
630 3348 719 3406 Doce
741 3347 780 3406 ad
801 3365 909 3406 nomen
931 3355 1010 3406 certe
1031 3347 1222 3425 intellegitur.
1265 3349 1401 3422 Silanus,
1424 3349 1515 3409 ebrios

187 3447 387 3525 explicatione
407 3467 468 3507 non
489 3449 632 3524 indigent.

188 3637 237 3698 20
263 3640 294 3697 in
315 3639 391 3697 eiste
411 3659 473 3717 rep.
495 3639 674 3712 Praeneste,
701 3655 844 3718 possessa
864 3637 993 3718 primum
1016 3655 1035 3695 a
1056 3637 1227 3707 Pasinatio,
1256 3628 1337 3696 nunc
1355 3635 1393 3695 ab
1415 3636 1515 3714 Anglo

228 3739 417 3800 Donaldson.

360 3857 473 3901 caston

223 3940 306 3982 tarenis
376 3942 457 3982 larmir
595 3943 629 3983 eir
644 3943 747 3983 barbatus
854 3941 952 3981 murrea
1031 3939 1117 3990 semina
1212 3940 1296 3990 sentina
1390 3940 1473 3982 iactata

222 4023 315 4065 sissima
379 4024 456 4065 dextra
513 4005 533 4077 Ξ
581 4027 660 4077 parole
670 4025 762 4076 pedibas
814 4024 892 4066 derne
905 4022 987 4072 laetae,
1052 4025 1113 4064 duta
1174 4033 1232 4074 puer
1277 4033 1336 4074 paor

228 4105 304 4147 laetae
380 4107 456 4149 lartae
513 4077 534 4148 ld
602 4113 622 4149 et
636 4109 742 4157 manitus,
821 4107 912 4149 sinistra
926 4112 986 4147 rcere
1047 4105 1123 4146 eodm

222 4189 310 4230 mma
373 4189 462 4232 innixae
513 4156 533 4192 q
589 4201 669 4242 munao
683 4195 754 4232 vestre
868 4190 944 4230 imita
1047 4188 1124 4228 dextra

227 4282 303 4323 emm
379 4283 456 4324 equum
512 4251 535 4333 ὅ
586 4272 761 4326 dextrasatcem,
1040 4271 1127 4312 reblata

230 4353 297 4403 smo
384 4355 450 4404 freso
513 4336 534 4432 ξ
579 4357 669 4397 simona
682 4359 766 4397 emam

233 4441 303 4479 reem
383 4443 455 4479 tenear
512 4437 534 4488 -7
593 4439 755 4485 testanteesaia

513 4495 535 4610 Ξ
590 4523 647 4573 pelte
669 4521 755 4562 induar

512 4613 535 4713 ἓ

190 4765 228 4826 ll.
250 4765 386 4828 Schoene
412 4769 465 4846 qui
486 4769 560 4828 vidit
580 4770 612 4827 in
635 4789 702 4828 ann.
724 4770 793 4829 inst.
816 4769 896 4828 ereb.
922 4766 1001 4826 1870
1023 4787 1052 4845 p.
1069 4767 1129 4825 344
1142 4783 1187 4841 sq.
1209 4764 1271 4824 tab.
1285 4762 1400 4823 XXIV.
1416 4764 1516 4823 XXV.

232 4885 325 4927 aerea
339 4885 566 4929 rovmuouon
587 4887 606 4927 a
626 4871 734 4930 dextra
754 4871 791 4929 ed
814 4869 963 4930 sinistram
987 4869 1131 4945 seriptum
1153 4876 1200 4926 est
1221 4875 1253 4924 ut
1272 4879 1404 4924 ssucsns
1426 4867 1450 4938 l,
1466 4865 1517 4936 56,

194 4969 491 5043 ucrorn1‚1500,
514 4986 668 5031 caseum
689 4972 714 5044 l,
732 4972 808 5031 1501
834 4970 885 5047 (cf.
907 4990 936 5048 p.
953 4971 1014 5029 554
1035 4969 1103 5027 add.
1123 4967 1163 5024 ad
1184 4987 1213 5025 n.
1229 4965 1292 5042 55).
1329 4965 1517 5026 Vocabulum

194 5065 253 5144 legi
274 5086 364 5143 posse
378 5080 407 5128 et
421 5086 646 5154 eovnruouom
661 5079 691 5132 et
704 5086 925 5132 roemruouorn
940 5079 1118 5133 monuerunt
1131 5069 1220 5127 amici
1234 5066 1349 5127 Romae
1364 5068 1516 5144 degentes.

198 5164 362 5228 Schoenius
380 5172 549 5235 observarit
563 5175 619 5232 sub
633 5175 753 5234 nomine
768 5173 862 5251 patris
876 5173 1072 5251 pumilionum
1086 5171 1307 5248 repraesentari
1321 5170 1515 5248 Pygmaeum.
