3742 5826
573 619 870 674 ossuuvumouus
887 619 1178 674 amemvuum.
1272 645 1302 704 g
1366 645 1372 654 ·
1464 609 1533 681 143

209 794 251 869 (a.
265 791 446 868 218—222)
469 798 520 850 aut
542 793 597 852 sub
611 791 788 852 Alexandro
810 792 852 869 (a
869 791 1049 869 tat-tao)
1070 793 1246 856 Britanniae
1266 797 1441 875 praefuerit3
1463 803 1534 861 mihi

208 904 307 954 tamen
329 895 405 952 haec
424 893 598 952 coniectura
618 911 723 969 parum
744 893 898 970 probatur.

290 995 382 1054 Addo
407 993 493 1054 locos
519 993 664 1069 quosdam
693 1001 864 1065 auctorum,
896 995 947 1071 qui
979 996 1018 1054 ad
1047 997 1126 1055 huuc
1152 995 1296 1058 Sabinum
1331 1002 1433 1062 referri
1468 1023 1534 1082 pos·

208 1098 278 1156 sint.
327 1094 442 1156 Narrat
467 1096 519 1171 qui
546 1096 636 1153 vitam
664 1095 821 1172 Elagabali
851 1095 970 1171 scripsit
996 1116 1021 1155 c.
1039 1097 1077 1156 16
1105 1099 1164 1157 sic:
1193 1099 1332 1161 Sububam
1360 1106 1535 1166 amariorem

208 1200 314 1267 uirum,
340 1199 383 1256 ad
407 1215 488 1273 quam
514 1196 601 1256 libros
627 1195 771 1274 Uipiomts
797 1196 967 1272 compotu),
995 1199 1074 1273 quod
1099 1201 1129 1255 ia
1155 1201 1223 1258 urba
1247 1207 1427 1267 raaoasiaaet
1451 1208 1535 1284 (uam

208 1297 340 1356 iusserat
359 1298 523 1375 imperator
543 1306 680 1357 senatum
702 1299 776 1357 urbe
796 1296 952 1372 decedere)
977 1307 1075 1356 vocato
1097 1303 1256 1360 emmanue
1275 1305 1454 1368 mollioribus
1475 1329 1536 1369 oer-

209 1400 253 1458 lria
280 1401 365 1457 iussit
389 1400 497 1459 occidi:
522 1401 574 1458 sed
598 1403 724 1458 ocamrio
750 1417 820 1458 aare
845 1400 976 1458 surdiori
1002 1401 1140 1475 imperari
1165 1400 1222 1459 sibi
1248 1405 1384 1477 credidit,
1412 1421 1443 1468 at
1467 1411 1537 1470 urbs

204 1499 375 1575 pelleretur.-
402 1502 444 1559 sio
469 1503 567 1558 uitium
593 1504 763 1560 centurionis
785 1499 894 1560 Sabino
921 1501 1011 1559 saluti
1027 1501 1102 1574 suit,
1129 1519 1227 1578 neque
1247 1505 1406 1583 quicquam
1427 1510 1535 1584 obstat,

209 1601 370 1677 quominus
398 1619 462 1660 cam
491 1601 745 1660 narratiunculam
772 1601 811 1660 ad
840 1597 983 1662 Sabinum
1011 1609 1147 1660 nostrum
1174 1603 1356 1680 releramus;
1390 1611 1443 1669 sed
1470 1613 1536 1687 pari

210 1700 275 1760 iure
302 1701 449 1778 pertinere
474 1711 574 1778 potest
601 1703 640 1761 ad
665 1701 703 1762 P.
730 1700 852 1762 (latium
880 1700 1025 1763 SabInum
1054 1703 1206 1763 consulem
1234 1724 1261 1764 a.
1282 1705 1352 1768 216.
1376 1743 1414 1754 —
1448 1709 1535 1784 Quod

210 1801 272 1861 Dio
298 1803 402 1862 scribit
425 1803 514 1876 76,9
540 1802 710 1864 Polleuium
738 1801 906 1864 Sebennum
932 1802 1096 1863 delatorem
1123 1804 1179 1864 sub
1205 1803 1317 1866 Severo
1343 1819 1450 1886 postea
1473 1813 1537 1874 No·

210 1904 291 1977 ricis,
313 1921 388 1980 quos
410 1904 488 1964 male
509 1904 789 1978 administravisset,
810 1905 849 1964 ad
869 1921 996 1981 poenam
1017 1905 1193 1964 sumendam
1214 1907 1344 1968 deditum
1366 1929 1433 1970 csse
1448 1931 1467 1970 a
1482 1912 1537 1975 Sa·

209 2005 281 2063 bino
307 1995 451 2082 (ἒκδοὲεἶς
472 1999 526 2064 uitri
549 1997 680 2068 Σαβίνου
701 2008 759 2062 τοῖς
779 2007 922 2087 Nmpmoi‘c,
948 1993 986 2062 civ
1007 1995 1101 2088 ἄρξας
1122 1994 1202 2062 sidio
1223 2003 1351 2091 «χρηστόν
1372 2004 1537 2084 ἐπεποιήκει,
1579 1985 1581 1988 >

211 2097 356 2182 αἴτχιπα
375 2096 530 2182 πέπονθε),
551 2107 739 2186 neque-satia
753 2105 896 2182 intellego
910 2123 965 2166 nec
979 2106 1076 2182 magis
1090 2107 1128 2164 ad
1142 2124 1300 2183 quemnam
1314 2107 1456 2172 Sabinum
1471 2133 1536 2190 per·

210 2206 305 2266 tineat
324 2207 481 2284 perspicio.
498 2240 537 2252 -
558 2207 698 2284 Denique
713 2204 843 2267 Sabinus
864 2206 892 2266 is
914 2207 967 2284 qui
987 2207 1203 2286 praefecturam
1223 2209 1307 2268 urbis
1329 2219 1400 2286 post
1413 2233 1538 2273 munera

212 2307 366 2387 complura
379 2307 549 2368 consularia
568 2308 780 2369 administrans
803 2327 829 2367 a
844 2307 902 2369 237
924 2309 956 2367 in
977 2309 1107 2368 tumultu
1128 2309 1211 2368 civili
1231 2309 1369 2388 partiat),
1391 2321 1492 2390 potest
1511 2317 1537 2374 is

210 2408 276 2484 ipae
296 2425 376 2481 csse,
397 2408 435 2467 de
456 2427 516 2487 quo
537 2410 669 2486 agimua3
692 2427 873 2487 quamquam
896 2410 945 2469 hio
965 2428 1083 2488 quoque
1104 2411 1176 2469 item
1196 2411 1234 2469 de
1255 2410 1292 2471 P.
1314 2411 1402 2472 Catio
1424 2412 1538 2475 Sabino

211 2509 335 2588 cogitari
355 2517 462 2587 potest
499 2508 580 2571 Saue
594 2512 671 2570 sicut
684 2512 772 2571 nobis
787 2511 939 2584 successit,
961 2520 995 2569 ut
1008 2529 1066 2588 ope
1080 2511 1233 2570 titulorum
1246 2533 1342 2592 nuper
1354 2525 1538 2592 repertorum

211 2611 319 2670 horum
340 2621 507 2688 temporum
529 2612 686 2691 caliginem
708 2613 887 2690 quibusdam
909 2613 1071 2672 luminibus
1091 2611 1325 2689 illustraremus,
1350 2616 1394 2675 ita
1415 2635 1539 2694 speran-

211 2711 281 2772 dum
303 2720 350 2772 eat
370 2712 445 2787 lore,
467 2723 501 2773 ut
520 2714 740 2790 posterioribus
760 2733 890 2792 quoquc,
916 2714 1004 2773 modo
1025 2713 1135 2773 curiosi
1156 2731 1226 2775 essa
1245 2723 1381 2795 pergant,
1402 2719 1539 2778 sImiliter

212 2815 366 2892 contingat
386 2816 424 2874 ab
446 2815 494 2874 hia
515 2816 758 2892 temptamiuibus
779 2815 935 2894 pervenire
956 2815 995 2875 ad
1017 2814 1161 2876 ulteriora
1181 2824 1212 2876 et
1232 2817 1368 2878 certiora.

774 3055 977 3066 —-.-—.—-

398 3249 488 3310 VIII.
531 3247 717 3310 TITVLVS
739 3247 925 3310 ATTICVS
947 3245 1082 3307 FRVGI
1102 3248 1159 3307 ΕΤ
1180 3246 1357 3311 HSONIS.

298 3393 413 3472 Viginti
435 3395 543 3455 abhinc
564 3393 651 3453 annis
673 3411 712 3452 ex
733 3391 890 3468 parietinis
910 3391 1097 3451 Athenarum
1118 3409 1197 3467 quac
1217 3392 1339 3453 emersit
1358 3393 1441 3452 basia
1463 3413 1540 3454 mar·

214 3495 305 3554 moris
327 3496 472 3556 Pentelici
493 3502 634 3574 prostans
656 3493 746 3552 hodie
767 3494 805 3552 ad
826 3492 1048 3552 Parthenonem
1070 3492 1253 3552 occidentem
1276 3509 1380 3552 uersus
1390 3492 1420 3569 ³)

581 3629 605 3674 0
625 3629 733 3674 artato}

459 3766 591 3811 naamon
642 3763 844 3809 xuauormou
935 3763 1060 3808 aaaron
1129 3761 1294 3806 arururuou

460 3865 590 3910 nsuurou
616 3865 691 3910 uon
720 3864 847 3909 ostanus
936 3863 1059 3908 aaaron
1084 3862 1160 3907 mou
1188 3849 1295 3909 orcum

461 3963 848 4013 susoraxsunmruzsua
937 3963 1297 4010 eructuarusmrutsu

614 4065 701 4110 arou
1074 4065 1175 4110 aaron

215 4192 253 4232 eo
267 4172 386 4232 nomine
399 4171 537 4251 insignis,
554 4170 635 4247 quod
650 4170 727 4228 duos
742 4168 869 4227 duarum
882 4169 1136 4228 nobilissimarum
1147 4168 1328 4228 familiarum
1339 4168 1543 4228 Romanarum

215 4275 297 4334 viros
319 4273 484 4350 coniungit,
510 4271 567 4332 etsi
588 4289 649 4329 non
670 4269 765 4330 semel
785 4269 897 4348 prodiit
918 4270 1070 4348 descripta
1089 4277 1149 4330 tam
1171 4288 1191 4328 a
1211 4269 1340 4330 Pittacio
1362 4265 1445 4346 (Ἐφ.
1468 4265 1542 4352 cipp.

294 4531 319 4595 ¹)
346 4532 452 4585 Scilicet
481 4530 598 4583 confudit
625 4529 735 4596 scriptor
760 4529 868 4580 inscitus
892 4543 950 4579 cnm
974 4527 1073 4582 Sabino
1095 4526 1145 4577 hoc
1167 4527 1311 4578 nanuum
1330 4525 1455 4578 Sabinum
1480 4525 1543 4575 iuria

215 4632 347 4678 auctorem
366 4624 458 4674 aetatis
476 4621 640 4673 Tiberianae.

293 4713 319 4778 ²)
346 4715 512 4768 Herodianus
525 4715 551 4777 l,
566 4715 596 4764 ⁷:
617 4706 676 4780 ipra
693 4705 805 4778 πολέμου
824 4701 946 4775 ὒμφυλίου
964 4702 1065 4775 lyivrro,
1086 4698 1117 4763 uic
1133 4701 1174 4755 asi
1185 4693 1228 4754 riu
1239 4703 1282 4770 tiit
1292 4691 1389 4762 πέλιως
1401 4692 1545 4775 Ιπᾶρχοντα

218 4796 280 4875 pand
300 4793 404 4875 πρὶξιις
426 4791 662 4862 seditiosissimis
685 4797 813 4867 (Σαβῖνος
831 4794 859 4848 di
876 4786 905 4863 ’ἦν
923 4786 1001 4866 ὄνομα
1018 4788 1099 4863 αὐτῷ’)
1116 4785 1269 4865 §tuiipsius
1286 4791 1397 4845 audiam
1414 4785 1446 4844 roi
1463 4783 1545 4862 ytyuo'·

218 4914 279 4965 μινα
297 4885 365 4964 giba
389 4891 533 4948 scordium
555 4887 619 4945 ausui
642 4890 686 4943 soii
708 4883 807 4961 aporior
824 4887 981 4955 τελευτῆσαι.
1018 4890 1081 4941 Vita
1100 4887 1181 4942 Gord.
1201 4889 1249 4940 132
1274 4893 1332 4937 tuac
1355 4893 1380 4937 ct
1397 4885 1545 4954 projectas

218 4987 277 5039 arbi
288 4987 400 5040 dubium
418 4987 560 5040 consularia
577 4987 629 5036 rma
646 4985 688 5036 uir
697 4983 770 5050 suste
783 4997 920 5050 percussus
938 4982 1035 5033 cociam
1053 4988 1077 5031 ct
1093 4979 1120 5030 io
1137 4977 1238 5047 publico
1257 4975 1391 5029 derelictas
1407 4983 1456 5040 eat,
1476 4978 1545 5030 uude

219 5081 376 5145 supplendus
395 5088 434 5131 ast
451 5080 523 5130 locus
542 5077 617 5129 hIana
635 5076 704 5126 vitas
721 5075 859 5126 Maximini
879 5090 900 5125 c.
917 5073 959 5124 15.

295 5168 320 5232 ²)
349 5173 382 5223 In
406 5171 506 5238 pdstioa
527 5175 601 5234 parta
624 5167 739 5218 eiusdem
762 5166 832 5219 basis
859 5181 924 5232 quac
951 5165 1045 5230 scripta
1072 5159 1131 5214 aunt
1158 5151 1203 5212 ili
1231 5163 1355 5209 tortian}
1380 5163 1543 5209 ΑΝΕΘΗΚΕΝ

220 5274 237 5311 a
254 5261 379 5326 primnis
396 5261 563 5326 inscriptidnc
581 5259 666 5312 alicua
683 5265 750 5309 aunt.
