3742 5826
589 580 889 636 ossnsvnrrorncs
908 583 1024 636 arrcn.
1038 585 1114 638 vn1.
1376 573 1383 581 '
1442 576 1512 646 145

185 679 1513 708 ΜΝ

186 770 255 812 esse
277 771 315 810 ex
329 749 367 809 Ι..
383 749 495 810 Pisone
510 747 680 809 Caesonino
701 753 823 810 consule
844 771 871 810 a.
885 753 955 813 698.
992 755 1127 816 Eundem
1149 760 1303 834 probabile
1319 773 1366 822 est
1378 765 1514 827 ultimum

186 869 310 912 suorum
338 852 416 910 diem
442 851 556 910 obiisse
581 852 806 929 octogenarium
832 873 859 918 a.
879 873 909 930 p.
924 853 997 914 Chr.
1014 855 1053 914 32
1075 858 1221 933 (Tacitus
1242 862 1263 921 l.
1278 862 1335 939 c.);
1360 884 1430 926 nam
1456 870 1514 928 etsi

185 952 266 1012 lilios
294 952 371 1012 duos
398 970 467 1010 eum
491 952 634 1011 habuisse
662 961 779 1011 constat
805 973 843 1013 ex
868 953 987 1014 Horatii
1014 957 1054 1015 ad
1082 958 1182 1034 ipsum
1210 961 1348 1040 filiosque
1375 969 1512 1043 epistula,

186 1053 239 1111 vix
266 1071 319 1111 eos
344 1061 415 1129 post
435 1070 469 1111 se
494 1052 625 1129 reliquit.
666 1053 756 1112 Alter
781 1057 860 1113 enirn
881 1071 985 1115 eorum
1010 1064 1041 1116 et
1066 1060 1163 1117 maior
1184 1063 1317 1137 quidem,
1341 1085 1408 1126 cum
1429 1086 1514 1144 pree-

186 1170 294 1211 nomen
321 1159 479 1230 paternum
505 1160 603 1230 gerat,
632 1154 793 1212 secundum
818 1155 1003 1232 probabilem
1026 1160 1228 1221 coniecturam
1249 1164 1407 1242 Borghesii
1429 1169 1512 1246 (opp.

188 1253 218 1324 5,
234 1252 309 1328 312)
330 1253 366 1312 L.
389 1251 463 1311 Piso
490 1262 535 1311 est
558 1254 587 1311 ‘is
612 1254 665 1329 qui
694 1254 811 1331 legatus
833 1254 1000 1330 Hispaniae
1021 1258 1167 1319 citerioris
1188 1264 1278 1339 periit
1298 1285 1325 1324 a.
1339 1285 1369 1342 p.
1386 1267 1457 1327 Chr.
1473 1270 1513 1328 26

187 1352 275 1428 (Tac.
298 1371 368 1411 nnn.
387 1354 422 1426 4,
436 1353 502 1430 45).
545 1352 596 1410 Ad
622 1354 767 1413 minorem
789 1364 888 1414 autem
909 1357 992 1433 quud
1011 1359 1130 1431 attinet,
1158 1379 1197 1420 ne
1221 1367 1369 1441 reperitur
1394 1370 1514 1445 quidem

187 1452 263 1512 Piso
291 1452 382 1526 alter,
408 1471 496 1530 quem
522 1453 666 1530 praefecti
691 1455 774 1514 illius
800 1455 894 1514 lilium
922 1456 1043 1517 credere
1064 1459 1169 1532 liceat,
1195 1472 1228 1521 ut
1248 1464 1319 1540 item
1340 1474 1425 1542 patre
1446 1472 1515 1529 vivo

188 1561 242 1612 ant
266 1553 346 1612 diem
373 1554 486 1614 obiisse
511 1555 647 1613 videatur
673 1563 726 1614 aut
752 1555 913 1632 adoptione
939 1577 978 1616 cx
1003 1558 1118 1620 familia
1143 1562 1265 1623 exiisse.
1309 1565 1398 1628 Certe
1423 1569 1517 1647 Frugi

188 1670 355 1731 cognomen
381 1654 460 1731 cpud
482 1653 663 1732 Calpurnios
690 1656 820 1732 amplius
845 1675 907 1716 non
932 1658 1092 1732 invenitur,
1119 1680 1215 1737 neque
1241 1683 1382 1742 umquam
1404 1689 1440 1728 eo
1462 1690 1519 1730 usa

189 1763 238 1812 est
259 1754 355 1814 altera
375 1757 467 1832 stirps
482 1754 713 1831 Calpurniomm
728 1755 885 1829 Pisonum,
906 1759 954 1817 cui
975 1760 1130 1835 proprium
1151 1769 1198 1820 est
1212 1782 1394 1840 praenomen
1409 1767 1519 1843 Gnaei,

190 1875 258 1917 eum
287 1858 375 1917 Lnoii
401 1867 431 1916 et
458 1854 518 1917 Gai
543 1858 713 1916 communia
736 1858 846 1916 habeat
872 1877 940 1917 cum
968 1857 1146 1920 Caesoninis
1174 1870 1204 1920 et
1229 1864 1331 1942 Frugi.
1373 1869 1519 1946 Princeps

191 1960 257 2041 eins
279 1960 392 2036 stirpis,
413 1958 465 2035 qui
487 1956 608 2034 quidem
629 1957 716 2015 nobis
731 1967 821 2016 notus
836 1959 885 2030 sit,
906 1957 961 2018 Cn.
977 1959 1051 2018 Piso
1073 1978 1134 2019 cos.
1157 1980 1185 2021 a.
1201 1983 1228 2022 ιι.
1244 1983 1270 2023 e.
1286 1965 1346 2024 615
1369 1970 1519 2044 quomodo

191 2061 231 2118 ad
258 2077 444 2118 communem
472 2057 618 2134 originem
646 2057 843 2135 applicandus
871 2061 927 2130 sit,
956 2059 1037 2118 latet
1085 2060 1254 2122 Duravisse
1283 2083 1349 2125 eam
1377 2069 1520 2129 extinctis

192 2159 372 2219 Caesoninis
393 2167 424 2218 et
444 2158 539 2234 Frugi
560 2167 590 2217 et
611 2165 715 2220 notum
736 2167 784 2216 est
805 2165 835 2216 et
855 2158 933 2218 inira
954 2159 991 2218 de
1008 2159 1171 2220 Pisonibus
1192 2162 1231 2221 iis
1250 2163 1374 2225 dicetur.

276 2257 336 2320 Sed
362 2277 423 2336 quo
449 2267 583 2334 tempore
605 2256 762 2334 Calpurnii
784 2258 911 2318 Pisones
932 2258 1027 2338 Frugi
1054 2278 1121 2320 esse
1149 2261 1302 2337 desinunt,
1332 2267 1437 2327 eodem
1458 2268 1521 2330 iere

193 2361 225 2420 in
252 2378 390 2420 scaenam
411 2359 535 2418 veniunt
555 2357 665 2417 Licinii
687 2356 789 2418 Crassi
810 2358 914 2436 Frugi.
959 2358 1081 2420 Scilicet
1101 2362 1229 2437 primum
1252 2365 1316 2424 eius
1339 2368 1443 2445 stirpis
1465 2369 1522 2429 boc

193 2462 370 2540 cognomine
402 2459 575 2520 distinctum
608 2459 776 2518 invenimus
809 2459 851 2518 M.
882 2458 1031 2519 Licinium
1064 2459 1210 2521 Crassum
1242 2464 1337 2543 Frugi
1368 2470 1521 2528 consulem

193 2581 222 2621 a.
236 2583 266 2641 p.
283 2562 353 2623 Chr.
370 2560 409 2620 27
419 2558 468 2636 ¹),
495 2561 581 2619 cuius
608 2561 659 2637 qui
680 2569 766 2637 pater
786 2559 880 2618 fuisse
901 2559 1019 2618 ridetur
1039 2562 1145 2620 consul
1167 2581 1194 2622 a.
1211 2564 1271 2624 740
1292 2593 1329 2618 =
1351 2588 1377 2626 a
1395 2565 1466 2628 Chr.
1484 2572 1522 2630 14

193 2665 235 2723 M.
257 2662 392 2722 Licinius
415 2660 560 2732 Croesus,
586 2661 762 2736 cognomine
782 2659 878 2736 Frugi
902 2659 1080 2736 absunet2).
1124 2662 1299 2741 cognomen
1320 2668 1396 2726 illud
1418 2671 1450 2728 in
1469 2670 1524 2730 Li·

194 2765 302 2822 ciniam
328 2773 446 2840 gentem
474 2761 590 2820 illatum
618 2775 686 2818 esse
711 2777 772 2819 non
797 2768 899 2837 potest
924 2761 984 2820 nisi
1010 2771 1063 2820 aut
1088 2783 1107 2821 a
1127 2764 1221 2841 stirpe
1243 2773 1377 2827 materna
1398 2779 1450 2828 aut
1470 2790 1525 2847 per

195 2865 400 2942 adoptionem,
425 2862 568 2938 illamque
589 2861 766 2946 sententiam
788 2860 844 2919 viri
867 2861 948 2921 docti
969 2861 1058 2922 hodie
1079 2863 1141 2922 iere
1163 2865 1390 2942 amplectuntur.
1433 2870 1525 2928 Atei

196 2965 332 3044 opinioni
359 2964 416 3023 hcc
442 2963 556 3033 obstat,
585 2961 665 3038 quud
686 2961 815 3020 Pisones
836 2960 931 3038 Frugi
958 2961 1033 3020 nulli
1059 2963 1250 3028 inveniuntur
1275 2976 1346 3045 post
1370 2971 1524 3029 consulem

197 3085 225 3126 a.
241 3065 313 3136 739,
335 3081 424 3142 quem
447 3063 574 3122 vidimus
597 3061 700 3139 stirpis
723 3079 795 3121 suae
815 3060 911 3121 fuisse
932 3062 1026 3121 rideri
1051 3063 1203 3137 ultimum
1225 3068 1292 3126 eius
1313 3074 1413 3128 autem
1434 3070 1527 3130 liliam

198 3166 340 3243 nupsisse
360 3165 401 3223 M.
424 3161 538 3223 Crasso
559 3161 675 3221 consuli
697 3181 724 3220 a.
741 3162 801 3220 740
828 3170 858 3219 et
881 3163 912 3220 in
934 3162 1056 3221 domum
1077 3183 1144 3222 eam
1165 3183 1232 3224 cum
1253 3167 1418 3228 hereditate
1439 3169 1527 3230 Piso·

197 3285 270 3324 num
291 3265 386 3341 Frugi
410 3265 500 3324 etiam
528 3262 709 3342 cognomina
734 3261 888 3333 intulisse,
915 3263 1022 3321 aetatis
1048 3263 1213 3323 rationibus
1239 3282 1300 3324 non
1328 3270 1403 3327 satis
1425 3280 1528 3345 aptum

199 3365 296 3442 est2).
339 3353 437 3442 Magis
464 3363 639 3424 crediderim
662 3363 704 3421 M.
726 3360 877 3420 Licinium
899 3359 1043 3421 Crassum
1065 3362 1159 3440 Frugi
1185 3365 1339 3424 consulem
1365 3385 1392 3426 a.
1410 3367 1447 3426 27
1475 3389 1526 3428 na·

199 3478 267 3527 tura
292 3467 386 3526 fllium
407 3465 502 3525 fuisse
524 3465 670 3524 minorem
691 3463 727 3520 L.
750 3460 870 3520 Pisonis
891 3478 954 3520 ecs.
979 3480 1005 3520 a
1023 3462 1098 3534 739,
1126 3463 1249 3521 fratrem
1270 3465 1361 3542 igitur
1382 3467 1527 3528 minorem

199 3567 235 3627 1..
250 3567 373 3627 Pisonis
389 3566 479 3644 legnti
494 3564 662 3641 Hispaniae
680 3583 707 3622 a.
723 3583 752 3640 p.
766 3559 837 3620 Chr.
851 3560 890 3620 26
912 3561 1098 3638 alterumque
1111 3563 1252 3623 iuvenum
1266 3583 1379 3636 eorum,
1396 3567 1435 3624 ad
1450 3585 1527 3642 quos

199 3667 346 3734 Horatius
371 3667 409 3726 ds
428 3667 515 3743 poesi
537 3664 696 3740 epistulam
717 3662 811 3734 dedit3
838 3662 964 3722 eundem
986 3662 1161 3738 adoptatum
1181 3673 1288 3740 postea
1309 3683 1328 3722 a
1348 3665 1389 3724 M.
1412 3664 1527 3730 Crasso
1552 3723 1554 3728 ,

187 3767 354 3844 'antiquum
377 3783 541 3845 cognomen
561 3767 731 3831 retinuisse.
766 3764 816 3823 Ita
836 3764 914 3823 enim
936 3772 966 3822 et
986 3772 1122 3839 tempora
1142 3771 1212 3840 apte
1232 3764 1409 3824 ordinantur
1428 3773 1459 3826 et
1472 3770 1528 3827 mi·

201 3888 268 3929 rum
295 3869 332 3928 de
360 3867 455 3927 altero
482 3867 534 3928 illo
560 3866 623 3924 lilio
651 3864 803 3924 silentium
828 3864 999 3942 explicatur
1025 3871 1055 3923 et
1080 3864 1289 3923 consuetudini
1315 3867 1463 3926 clarorum
1484 3868 1528 3928 l'a·

201 3970 353 4032 miliarum
374 3968 439 4027 eius
461 3955 567 4026 aetatis
588 3966 736 4036 convenit,
757 3971 790 4025 ut
811 3966 862 4041 qui
884 3965 951 4041 plus
973 3981 1033 4021 uno
1049 3963 1111 4021 lilio
1127 3964 1259 4038 heberet,
1281 3966 1408 4026 alterum
1422 3967 1527 4028 liberis

202 4069 315 4130 carenti
335 4068 429 4127 nobili
450 4068 480 4125 in
502 4066 692 4143 adoptionem
714 4065 806 4123 daret.

283 4369 306 4432 ¹)
334 4367 373 4420 M.
386 4366 503 4420 Licinius
518 4363 735 4433 CrassusFruqr':
754 4368 812 4418 fast.
829 4368 895 4418 Ars.
916 4366 1032 4428 (Hennes
1045 4364 1114 4417 Ball.
1130 4367 1199 4417 1369
1219 4383 1244 4430 p.
1261 4367 1331 4428 123).
1359 4365 1397 4417 Μ.
1411 4366 1529 4418 Lr'sr'uius
1581 4361 1588 4370 ’
1638 4399 1641 4406 ·

208 4459 329 4511 Cretae.-
347 4458 505 4512 mellite.
543 4457 581 4509 Μ.
604 4455 710 4508 Caseus
728 4455 826 4523 Frugi.-
845 4457 920 4510 erut.
934 4459 995 4518 200,
1010 4455 1036 4505 6.
1055 4456 1135 4506 Orell.
1149 4456 1229 4507 3056.
1244 4457 1325 4507 3796.
1343 4458 1410 4507 Mur.
1425 4458 1487 4520 302,
1502 4460 1527 4508 2.

205 4549 243 4602 Μ.
263 4547 393 4601 Licinius:
412 4551 518 4601 Tacitus
536 4565 596 4600 ann.
610 4551 636 4610 4,
651 4550 694 4600 27.
730 4545 837 4598 Crucem
855 4545 952 4612 Frugi:
972 4544 1243 4606 Sueton.Cland.17;
1263 4545 1362 4598 Seneca
1380 4546 1467 4611 apoth.
1484 4550 1526 4598 11.

206 4638 245 4691 Μ.
266 4638 386 4690 Crassus:
409 4640 493 4691 Tacit.
513 4640 572 4691 hist.
594 4640 676 4701 1,14.
714 4635 752 4688 Μ.
775 4636 907 4688 Cras...=
930 4637 989 4686 fast.
1008 4635 1073 4685 Arr.
1094 4633 1215 4695 (Henaeu
1234 4631 1303 4686 Ball.
1325 4635 1395 4687 1669
1414 4652 1439 4701 p.
1456 4636 1528 4698 122).

209 4729 330 4782 &meurs
349 4730 449 4782 Seneca
466 4730 554 4795 aputh.
570 4731 617 4793 113
636 4728 705 4781 Plut.
725 4727 800 4782 Galb.
816 4728 863 4789 2³3
882 4727 943 4776 lusti
961 4725 1028 4775 Idat.
1047 4724 1150 4789 aliique.

281 4803 315 4883 ²)
333 4821 348 4872 1
366 4837 392 4885 p.
406 4821 468 4872 esc.
482 4821 544 4871 sar.

282 4909 307 4972 1)
335 4913 376 4961 Ita
394 4912 463 4962 euim
481 4911 633 4961 hebetemus
651 4923 767 4960 socerum
779 4893 953 4973 generumque
966 4905 1057 4956 eodem
1070 4907 1146 4971 plane
1159 4911 1274 4968 tempore
1286 4905 1411 4956 eonsules.
1442 4905 1528 4957 Etiam

208 5004 292 5054 minos
316 5001 484 5067 probabiliter
500 5000 675 5064 heumannus,
687 4999 716 5048 in
739 4998 826 5048 tabula
848 4997 949 5048 adiecta
967 4996 1056 5061 quinta
1072 4997 1153 5046 liliam
1172 4994 1283 5044 consulis
1302 5008 1325 5044 s.
1340 4993 1392 5045 753
1412 4997 1531 5061 opinatur

192 5072 324 5158 ‘nupsisse
343 5091 441 5142 consuli
460 5106 483 5141 s.
495 5092 556 5142 740.
593 5088 750 5154 Borghesius
769 5103 828 5154 opp.
843 5088 872 5150 5,
887 5088 939 5137 322
958 5087 1020 5136 item
1039 5086 1169 5136 existimat
1186 5099 1294 5134 uxorem
1314 5083 1400 5138 Crassi
1419 5089 1531 5138 consulis

209 5196 234 5232 a.
248 5185 302 5234 740
319 5183 424 5234 nomine
443 5181 609 5247 Calpurniam
629 5180 716 5240 fuisse,
736 5192 861 5242 quaenam
880 5191 941 5227 vero
958 5177 1045 5238 fuerit,
1064 5191 1117 5226 nou
1136 5175 1233 5226 delinit.

1269 5265 1307 5322 10
