3736 5822
618 537 895 591 ιιιιιιιιιιιοιο
913 539 1141 592 οιειιιοιιιιι.
1495 525 1541 595 91

214 721 338 787 praeses
370 707 543 784 provinciae
574 713 605 766 et
635 707 754 784 legatus
785 709 930 784 legionis,
962 711 1131 786 praefectus
1159 711 1293 788 Aegypti
1321 720 1351 770 et
1377 713 1545 791 praefectus

214 819 379 870 eaenurum
401 809 578 878 referuntur,
603 809 717 866 utiam
738 809 770 866 in
790 809 931 886 Aegypto
952 820 1117 870 castrorum
1138 811 1321 887 praefectum
1341 813 1432 890 legati
1453 816 1544 893 legio-

215 911 292 970 narii
313 911 381 969 loco
401 909 497 968 fuisse
519 915 645 967 constet.
684 908 732 966 Ila
752 919 800 968 est
819 926 922 982 causa,
943 911 1048 969 curin
1070 912 1199 971 consilio
1220 914 1257 971 ab
1278 913 1459 992 imperatore
1473 915 1545 974 Tito

216 1011 436 1086 Hierosolymis
468 1009 649 1086 expugnatis
681 1017 846 1068 wurocato
876 1009 955 1069 inter
985 1004 1227 1094 κορυφᾳιοτιίτουι
1254 1015 1344 1072 duces
1371 1015 1546 1092 legatosque

215 1112 369 1188 legionum
395 1119 642 1169 commemoretur
662 1108 815 1169 Liternius
837 1109 952 1169 Fronto
978 1103 1234 1194 στρατοπεδάρχης
1254 1115 1310 1170 τῶν
1330 1109 1380 1170 ἄπ’
1400 1110 1545 1196 Ἀλεξαν-

217 1203 310 1293 δριῖιισ
331 1201 383 1268 «irie
404 1201 611 1286 ταγμάτωνῑ).

299 1311 365 1369 Iam
392 1311 530 1370 attendes
557 1310 648 1369 relim
675 1309 772 1386 ipsam
798 1329 859 1386 qua
886 1311 1055 1386 preelectus
1081 1321 1249 1372 castrorum
1272 1314 1304 1372 in
1330 1315 1427 1374 titulis
1455 1334 1547 1392 supra

216 1410 382 1488 propositis
408 1419 527 1470 notetur
552 1410 709 1469 rationem.
752 1411 891 1471 Invenies
917 1413 996 1470 enim
1022 1430 1091 1472 enm
1118 1413 1206 1472 modo
1230 1415 1412 1490 praefectum
1435 1425 1545 1475 castro

216 1531 283 1570 rum
309 1511 469 1588 appellari,
498 1510 558 1570 alia
583 1521 656 1570 nota
681 1511 799 1571 adiecta
820 1512 904 1570 nulle
924 1512 968 1588 (n.
985 1513 1013 1572 7.
1030 1513 1057 1572 8.
1074 1512 1102 1572 3.
1121 1514 1168 1572 ll.
1187 1513 1235 1572 12.
1254 1515 1300 1573 13.
1317 1517 1371 1592 38)
1382 1514 1428 1592 ²),
1455 1519 1545 1577 modo

217 1612 400 1688 praefectum
421 1617 586 1671 caseorum
608 1611 736 1688 legionis
758 1612 885 1672 alicuius
907 1611 950 1688 (n.
969 1614 1016 1671 10.
1033 1612 1082 1671 25.
1099 1613 1148 1672 26.
1165 1612 1215 1671 27.
1231 1613 1280 1675 29.
1297 1617 1346 1674 30.
1364 1618 1412 1676 31.
1429 1617 1479 1677 32.
1495 1620 1544 1678 33.

219 1713 268 1770 34.
291 1713 341 1770 37.
361 1710 427 1786 ll).
475 1709 536 1785 Qui
562 1717 662 1771 summ
688 1713 769 1772 norit
795 1721 937 1772 constans
966 1713 1024 1772 sibi
1050 1715 1231 1790 omninoque
1256 1715 1351 1775 fixum
1377 1717 1547 1794 inscrIptio·

217 1830 288 1871 num
309 1812 468 1871 latinarum
488 1812 606 1872 dicendi
627 1830 733 1889 genus,
754 1813 782 1872 is
803 1814 862 1871 hoc
882 1813 1042 1872 discrimen
1064 1829 1136 1872 sene
1157 1815 1245 1891 parvi
1266 1834 1326 1875 non
1340 1817 1439 1891 faciet,
1460 1838 1547 1895 prae-

217 1913 320 1972 sertim
353 1932 421 1972 cum
449 1912 557 1972 viderit
584 1913 751 1990 praefectos
781 1921 947 1971 castrorum
975 1913 1104 1990 legionis
1133 1914 1253 1972 nomine
1281 1925 1416 1976 carentes
1443 1936 1547 1979 omnes

217 2013 365 2088 pertinere
394 2013 433 2071 ed
461 2013 574 2072 saeculi
602 2013 692 2089 primi
721 2021 836 2088 partem
864 2014 1011 2091 priorem,
1042 2021 1147 2072 cenna
1174 2015 1343 2090 praefectos
1372 2028 1546 2092 castrorum,

217 2113 327 2188 quibus
354 2113 501 2172 adicietur
526 2113 655 2192 legionis
677 2131 802 2185 nomen,
828 2130 931 2172 omnes
953 2131 1021 2174 esse
1043 2114 1154 2173 saeculi
1176 2115 1297 2174 secundi
1318 2127 1436 2190 praeter
1456 2139 1546 2177 unum

219 2211 255 2272 L.
277 2213 416 2273 Flavium
439 2215 589 2274 Iulianum
610 2214 653 2290 (ιι.
671 2214 734 2291 10),
756 2215 927 2274 coniectare
947 2232 966 2272 a
986 2214 1154 2292 Borghesio
1175 2217 1266 2274 aetati
1288 2214 1472 2278 Claudianae
1493 2221 1547 2278 tri-

219 2315 331 2374 butum.
372 2315 421 2374 Ex
443 2315 512 2392 ipso
534 2323 632 2374 autem
653 2315 806 2375 titulorum
827 2315 947 2375 illornin
970 2315 1078 2374 aetatis
1099 2315 1271 2375 discrimine
1291 2317 1453 2377 notationis
1474 2338 1547 2396 quo·

218 2432 279 2489 que
300 2414 461 2475 discrimen
483 2416 612 2475 fortasse
633 2417 702 2492 quis
718 2415 864 2491 explicet3
886 2425 934 2475 est
947 2415 1026 2474 enim
1041 2415 1241 2489 notissimum,
1263 2418 1362 2477 solere
1375 2417 1438 2478 fere
1451 2429 1547 2480 aetate

218 2516 388 2592 antiquiore
407 2517 438 2576 in
459 2517 567 2594 legatis
589 2515 750 2592 praefectis
772 2517 901 2576 tribunis
923 2517 1119 2592 praetermitti
1141 2517 1311 2593 copiarum,
1332 2519 1440 2594 quibus
1461 2539 1547 2596 prae·

219 2615 337 2688 fuerint,
358 2617 489 2676 nomina.
525 2617 561 2675 ld
575 2617 627 2693 qni
641 2617 754 2689 fecerit,
769 2625 848 2676 recte
861 2617 965 2676 fecerit
978 2617 1009 2676 in
1024 2617 1119 2677 titulis
1141 2636 1170 2676 ιι.
1187 2619 1214 2676 7.
1231 2616 1260 2678 9.
1279 2620 1326 2678 11.
1346 2621 1393 2678 13.
1409 2619 1458 2692 38,
1480 2640 1548 2680 cum

218 2717 251 2774 in
275 2717 313 2776 iis
337 2737 376 2776 ne
402 2719 526 2794 reliquis
551 2718 672 2793 quidem
697 2717 804 2776 officiis
826 2717 954 2795 legionis
974 2725 1047 2777 note
1067 2718 1211 2790 addatur3
1237 2725 1269 2776 at
1289 2737 1447 2796 perperam
1468 2722 1547 2780 idem

219 2819 257 2876 de
283 2819 379 2878 titulis
404 2820 469 2878 n.8
489 2827 520 2878 et
541 2818 578 2877 12
600 2817 773 2877 contendet:
800 2837 869 2876 nam
893 2817 926 2876 in
946 2817 1012 2878 n.8
1033 2818 1149 2878 dnobus
1174 2819 1391 2892 tribunatibus,
1413 2840 1443 2880 ιι.
1458 2820 1495 2879 12
1518 2832 1549 2882 et

220 2919 438 2978 centurionatui
460 2928 491 2978 et
511 2919 675 2978 tribunatui
696 2918 825 2995 legionis
845 2937 954 2982 nomen
976 2919 1156 2998 adiungitur.

302 3020 414 3079 Veram
435 3019 524 3079 huius
545 3019 589 3077 rei
610 3019 840 3096 explicationem
861 3037 899 3078 ea
919 3020 1127 3096 suppeditant,
1154 3039 1233 3096 quas
1255 3021 1294 3080 ab
1316 3021 1488 3080 auctoribus
1510 3023 1548 3082 de

220 3121 409 3195 praefectura
428 3129 596 3179 cestrmum
618 3121 783 3178 traduntur.
819 3119 895 3178 inde
917 3121 995 3178 enirn
1017 3121 1146 3195 primurn
1167 3121 1226 3179 hoc
1241 3121 1374 3195 discitur,
1396 3121 1548 3199 haudqua-

220 3238 310 3295 quam
336 3221 495 3298 nnieuique
521 3219 632 3299 legioni
659 3219 781 3278 saeculo
806 3220 903 3294 primo
930 3237 1016 3279 sunm
1041 3220 1138 3280 fnisse
1164 3221 1349 3296 praefectum
1371 3229 1547 3296 castrorum,

220 3320 276 3380 aed
303 3322 429 3380 eundem
458 3339 548 3398 saepe
575 3320 680 3380 ecdem
709 3326 843 3397 tempore
870 3319 1006 3396 pluribus
1031 3320 1213 3396 praefuisset
1241 3321 1298 3379 hoc
1324 3321 1403 3380 enirn
1431 3339 1548 3398 semper

221 3421 343 3494 accidit,
370 3423 397 3480 si
422 3422 529 3480 iisdem
551 3421 659 3480 castris
681 3420 741 3478 dno
763 3418 812 3477 vel
832 3420 933 3496 plures
955 3419 1089 3496 legiones
1109 3420 1304 3479 habebuntur.
1346 3420 1396 3478 Ita
1415 3423 1446 3479 ia
1469 3422 1547 3480 sedi·

222 3521 301 3580 tione
321 3522 473 3598 legionum
487 3521 728 3581 Pannonicorum
750 3520 793 3597 (n.
809 3518 842 3594 6)
864 3519 998 3597 legiones
1013 3519 1090 3578 VIII
1103 3521 1283 3598 Augustam,
1304 3520 1353 3577 IX
1368 3519 1547 3596 Hispanam,

222 3621 282 3680 XV
303 3622 528 3699 Apollinarem,
556 3640 634 3698 quae
660 3621 767 3680 iisdem
795 3619 885 3678 simul
912 3621 1020 3678 castris
1047 3619 1171 3679 aestirIs
1197 3620 1400 3692 habebantur,
1422 3620 1548 3681 Tacitus

222 3731 324 3782 namt
344 3723 383 3782 ab
404 3723 498 3783 exitio
519 3722 609 3800 legati
630 3722 711 3780 haud
733 3721 859 3780 multum
880 3720 1029 3780 abfuIsse:
1059 3721 1185 3779 titanos
1207 3730 1299 3780 morea
1320 3739 1355 3780 ac
1372 3723 1548 3797 praesedere

300 3968 323 4031 ¹)
351 3968 393 4020 De
416 3985 523 4020 numero
545 3969 733 4035 praefectorum
754 3975 894 4019 castrorum
913 3957 1028 4034 Aegypti
1047 3967 1109 4033 qnid
1127 3969 1289 4019 statuendum
1308 3961 1359 4030 sit,
1380 3983 1414 4018 cx
1432 3968 1464 4018 iis
1482 3982 1548 4032 quaa

224 4059 291 4110 infra
309 4059 457 4111 docebimus
475 4061 617 4127 apparebit.
655 4060 714 4122 Qno
736 4067 850 4125 tempore
869 4059 957 4109 titulus
976 4075 1002 4109 n.
1016 4061 1051 4109 tt
1069 4060 1168 4125 positus
1187 4066 1239 4121 est,
1265 4058 1293 4108 in
1311 4059 1432 4123 Aegypto
1450 4064 1480 4109 ut
1497 4073 1549 4108 nna

225 4149 291 4216 legio
314 4151 467 4218 singulaque
491 4157 575 4202 castra
595 4151 739 4216 legionaris
761 4151 799 4200 ita
821 4165 887 4200 nnus
910 4157 1051 4200 carnorum
1074 4149 1219 4214 praefectus
1244 4155 1299 4200 erat
1317 4150 1415 4199 scilicet
1431 4150 1548 4199 Alexan·

225 4241 328 4305 drinus3'
346 4244 430 4307 primo
449 4243 553 4294 sa'ecnlo
572 4257 623 4308 quo
643 4242 751 4292 diversis
769 4241 859 4292 castris
877 4241 1021 4305 complures
1038 4241 1075 4290 ibi
1093 4241 1254 4291 habebantur
1266 4239 1379 4305 legiones
1399 4240 1503 4302 (Suebo
1515 4242 1548 4291 17

224 4347 250 4396 p.
264 4333 326 4384 787.
342 4335 394 4384 807
405 4333 436 4395 0)
456 4340 518 4399 quot
537 4340 623 4385 castra
640 4339 679 4383 tot
697 4332 819 4398 praefecti
838 4338 924 4394 crant,
944 4346 1013 4382 enno
1029 4333 1064 4381 70
1084 4331 1141 4382 sine
1160 4331 1239 4382 dubio
1257 4329 1309 4380 duo
1329 4337 1416 4391 erant,
1441 4345 1549 4394 qnorum

225 4423 290 4474 alter
316 4431 354 4474 est
372 4425 501 4476 Liternina
519 4425 631 4487 amna,
655 4425 817 4489 praepositus
839 4422 1001 4472 vexillationi
1025 4422 1155 4486 legionum
1175 4423 1217 4472 III
1235 4420 1394 4484 Cyrenaicae
1418 4427 1444 4469 et
1467 4421 1549 4470 XXII

225 4513 409 4566 Deiotarianee
427 4516 455 4566 ln
472 4515 597 4572 Iudaeam
615 4515 709 4566 missae
727 4515 760 4564 cf.
778 4528 857 4580 snpra
873 4529 900 4578 p.
914 4515 996 4578 disq.
1015 4527 1041 4562 ιι.
1055 4513 1100 4562 21.

300 4603 326 4666 ²)
354 4607 456 4657 Titulos
479 4623 505 4670 ιι.
519 4608 563 4658 22.
582 4607 627 4656 tt.
646 4607 689 4656 28.
710 4605 755 4656 35.
775 4605 811 4655 46
835 4619 888 4655 non
912 4603 1000 4664 citavi,
1031 4617 1088 4651 cum
1111 4600 1139 4651 in
1161 4600 1211 4651 hac
1229 4600 1379 4664 quaestions
1397 4598 1503 4648 omnino
1522 4599 1549 4647 in

227 4697 363 4747 discrimen
381 4713 435 4747 non
453 4698 569 4758 veniant,
593 4698 621 4747 in
640 4696 715 4746 titulo
734 4711 759 4744 ιι.
774 4697 808 4744 22
827 4694 975 4744 Memnonia
993 4698 1092 4742 statuae
1111 4691 1233 4754 iuscripta
1253 4695 1279 4739 et
1297 4690 1324 4738 in
1342 4687 1456 4738 carmine
1474 4703 1500 4737 ιι.
1514 4687 1549 4738 ³5

227 4787 253 4836 id
275 4793 391 4851 apertum
414 4795 466 4850 est,
491 4789 537 4838 sed
560 4788 588 4838 iu
611 4787 692 4836 titulis
714 4800 816 4850 qnoque
839 4801 865 4836 n.
884 4785 920 4835 46
945 4781 1140 4844 (sortiarias-ias
1164 4777 1276 4830 Guatrr'oi
1298 4775 1406 4828 Proculi
1423 4776 1551 4843 praejecti

227 4878 373 4939 cumeram)
398 4885 424 4928 et
446 4894 473 4928 n.
487 4881 521 4928 28
547 4874 721 4944 (Nepotianus
738 4874 825 4943 prees.
849 4880 911 4926 cust.
931 4889 985 4924 cam
1004 4866 1552 4935 Marcellocet.fi1iiedcdr'ooeit)omirrsa

226 4969 294 5033 legio
311 4969 378 5018 nihil
396 4967 502 5018 haberet
520 4968 683 5028 offensionis,
708 4968 755 5016 etsi
773 4972 902 5016 constaret
919 4972 945 5014 et
963 4965 1101 5016 Proculum
1119 4969 1146 5012 et
1163 4961 1337 5025 Nepotianum
1355 4959 1459 5024 proprie
1475 4973 1550 5024 prue-

219 5059 305 5124 seetoe
327 5065 466 5110 castorem
491 5058 598 5125 legionis
622 5057 692 5108 illius
716 5057 798 5108 dictos
821 5057 909 5108 fnisse.
946 5055 1001 5107 Nec
1025 5055 1053 5105 in
1077 5069 1102 5105 n.
1116 5055 1153 5104 tt
1176 5066 1208 5102 err
1233 5065 1280 5101 usu
1299 5050 1464 5116 eplgraphico
1484 5048 1551 5112 legio

227 5149 396 5202 desideratur.
766 5149 769 5156 '
