3736 5822
606 525 903 580 oasnnvnrronns
920 526 1038 578 arnon.
1059 527 1111 578 111.
1473 511 1518 582 69

298 701 331 750 ab
351 700 434 750 altero
456 700 549 749 latere:

342 825 461 841 .....
478 787 483 855 Ι
505 790 621 840 libertor.
641 788 911 855 commertiorum
929 792 1031 857 August
1051 790 1056 856 Ι
1079 793 1142 857 imp.
1163 792 1237 843 Caes.
1258 793 1311 844 Titi
1330 793 1382 844 diri
1399 791 1402 857 Ι
1420 795 1518 861 Vespa·

341 881 408 931 siaul
427 882 446 930 i.
466 882 536 944 Aug.
553 877 558 944 Ι
575 882 602 931 in
621 917 629 932 .
649 917 656 932 .
675 917 682 931 .
702 897 720 931 n
739 915 747 932 .
766 917 774 932 .
793 882 821 932 ui
840 881 985 948 (sequuntur
1002 884 1102 932 nominc
1120 882 1301 950 septendecim).

299 971 374 1024 Grut.
395 975 438 1034 10,
460 963 615 1023 5'Grutero
635 971 818 1052 Gnteqstenins
837 973 880 1038 qui
898 973 963 1022 vidit
980 971 1183 1040 exscripsitqne'.

187 1065 310 1126 Primae
341 1068 471 1127 honores
498 1069 706 1144 honorumque
733 1070 906 1130 iterationes
933 1078 994 1127 tam
1020 1070 1109 1128 facile
1141 1070 1318 1147 explanabis
1345 1089 1435 1147 quam
1459 1069 1519 1131 Ge·

188 1167 276 1242 ryoni
306 1169 425 1245 aptabis
452 1176 605 1244 petasnm3
633 1170 665 1228 in
691 1169 822 1228 secunda
843 1171 1040 1248 imperatores
1067 1179 1130 1230 tres
1155 1171 1349 1231 intemeratae
1373 1169 1520 1230 Christia-

187 1267 292 1326 nitatis
314 1270 494 1347 signumque
507 1271 650 1329 Herculis
666 1270 788 1330 victoris
811 1271 900 1330 simul
921 1271 1079 1348 splendent
1099 1281 1250 1349 tamquam
1273 1271 1304 1330 in
1318 1272 1422 1330 eodem
1436 1273 1521 1331 caelo

189 1364 244 1427 Sol
266 1375 296 1426 et
310 1368 412 1441 Luna3
429 1371 522 1429 'tertia
538 1371 666 1447 denique
681 1391 796 1430 merum
812 1372 986 1430 miraculum
1001 1382 1048 1431 est
1062 1391 1233 1450 proponens
1248 1373 1279 1430 in
1294 1372 1396 1430 eadem
1412 1389 1521 1434 sesam

189 1467 386 1546 imperatores
413 1471 517 1530 Titum
544 1481 575 1530 et
596 1471 693 1530 Pium.
738 1470 882 1545 Quartam
903 1473 1035 1551 reperies
1058 1483 1088 1532 et
1107 1473 1344 1550 praescriptione
1365 1480 1395 1532 et
1416 1475 1521 1532 absur-

189 1561 283 1628 ditate
310 1590 413 1648 parem
441 1571 527 1632 Grut.
553 1573 642 1645 1014,
666 1573 694 1632 6.
737 1574 901 1633 Praeterea
920 1574 987 1632 ride
1014 1574 1087 1634 mihi
1108 1575 1259 1632 hominem
1287 1573 1443 1645 callidum,
1470 1575 1521 1650 qui

189 1669 362 1748 importuno
390 1673 486 1733 amico
512 1675 549 1733 de
575 1675 670 1733 titulis
697 1675 763 1734 istis
790 1675 951 1750 aliquando
979 1674 1143 1735 sciscitanti
1164 1693 1365 1752 responsurus
1392 1675 1433 1733 sit
1458 1681 1522 1732 tum

190 1789 243 1829 eos
264 1771 363 1832 denuo
383 1775 481 1834 visum
502 1775 539 1832 iri
561 1793 630 1836 oum
651 1783 719 1834 ruat
739 1776 868 1834 basilica
888 1773 920 1835 S.
942 1775 1037 1834 Petri.
1079 1773 1158 1834 Sana
1179 1793 1236 1834 uos
1257 1793 1378 1852 quoque
1399 1791 1521 1852 persua·

191 1888 258 1931 aum
279 1874 424 1934 habemus
447 1883 536 1935 antea
557 1885 636 1951 certe
657 1876 806 1936 neminem
829 1893 881 1934 eos
902 1875 1034 1934 visurum
1056 1892 1134 1934 esse.

276 1972 303 2032 2.
337 1976 487 2048 Interea,
513 1996 590 2053 quae
611 1997 651 2036 ex
673 1977 855 2036 Metellianis
877 1975 1036 2051 desumpta
1057 1974 1275 2035 Gutenstenius
1299 1974 1430 2035 Grutero
1452 1975 1523 2032 sub·

190 2075 282 2148 misit,
304 2094 365 2136 non
388 2079 483 2136 multa
504 2089 583 2152 sunt,
610 2079 692 2154 quod
720 2077 841 2155 quidem
867 2077 960 2136 sciam
987 2076 1070 2152 (nam
1096 2077 1210 2135 urbana
1231 2076 1351 2153 aliaque
1371 2075 1525 2149 complura

191 2177 233 2236 ibi
261 2177 356 2237 relata
383 2178 521 2256 equidem
545 2199 603 2257 pro
629 2180 688 2238 mei
714 2179 805 2238 officii
837 2177 947 2237 finibus
974 2196 1035 2235 non
1062 2177 1101 2235 ad
1126 2177 1269 2238 amussim
1297 2174 1523 2253 pervestigari),

192 2296 270 2354 quse
290 2279 415 2339 redeant
434 2281 466 2338 iu
495 2281 676 2339 Metellianis
697 2279 735 2339 iis
761 2298 839 2356 quae
864 2277 955 2338 hodie
981 2287 1152 2353 supersunt.
1197 2275 1257 2337 Sed
1278 2277 1335 2334 hoc
1355 2294 1415 2335 non
1435 2293 1524 2352 urge·

192 2399 270 2452 mus,
290 2399 359 2439 cum
380 2382 446 2441 fieri
464 2383 604 2458 potuerit,
626 2389 659 2440 ut
672 2390 743 2458 post
757 2379 989 2440 Gutenstenium
1003 2395 1075 2456 pars
1090 2377 1331 2436 Metellianorum
1345 2393 1418 2436 casu
1433 2377 1524 2434 inter-

192 2481 269 2541 ierit
304 2483 347 2541 At
367 2501 406 2541 ex
427 2482 464 2541 iis
486 2501 563 2559 quae
584 2483 627 2541 ibi
648 2481 783 2554 redeunt,
806 2481 1008 2557 suspicionem
1029 2479 1145 2538 fraudis
1167 2487 1288 2536 movent
1308 2485 1387 2536 certe
1404 2476 1523 2536 Brixis·

191 2601 247 2643 nae
269 2583 345 2642 dnae
367 2602 387 2641 a
401 2582 600 2644 Gutenstenio
622 2603 661 2642 ex
683 2583 866 2642 Metelliania
882 2582 1049 2660 descriptae
1064 2578 1206 2640 Grutero.
1242 2578 1322 2639 Nam
1335 2577 1525 2656 reperiuntur

192 2685 313 2761 quidem
334 2686 367 2744 in
388 2687 565 2763 corporibus
580 2683 736 2744 Brixiania
750 2684 866 2742 duobus
884 2682 1013 2743 servatis
1027 2681 1125 2740 adhuc
1138 2681 1215 2740 inter
1230 2680 1403 2739 Metelliana
1418 2677 1524 2736 biblio·

193 2787 296 2846 thecae
306 2786 480 2858 vaticanae,
502 2786 556 2845 sed
577 2795 610 2845 ut
630 2787 661 2844 in
682 2785 731 2844 his
753 2786 891 2864 legentur
911 2785 1115 2854 intemeratae,
1137 2782 1217 2860 apud
1233 2779 1398 2842 Gruterum
1419 2785 1523 2838 auctas

193 2888 406 2948 additamentis
428 2888 524 2947 falsis.
567 2886 734 2963 Utramque
756 2885 932 2964 subscripsi.

296 3009 397 3061 Ibidem
416 3009 521 3074 (legitur
538 3009 565 3058 in
577 3024 678 3059 summo
690 2999 874 3069 iolio¹Buml',
948 3005 1031 3058 Burni
1050 3011 1123 3055 extra
1143 3003 1268 3056 Brixiam.

297 3100 342 3151 scd
359 3092 469 3150 ‘ibidem’
490 3099 555 3150 illud
572 3101 684 3165 pertinet
702 3099 735 3149 ad
759 3099 787 3148 id
805 3099 874 3165 quod

297 3192 416 3256 proxime
435 3191 567 3257 praecedit
580 3181 616 3240 ‘iu
636 3191 753 3242 Funrstlnl
772 3204 874 3241 monas·

297 3274 389 3342 terio').
535 3282 670 3333 Mtnervae

548 3374 653 3437 August

512 3463 695 3528 scabrigine
774 3478 777 3484 ·

513 3555 635 3604 Valentio
654 3553 694 3604 v1

513 3645 553 3695 vir
625 3645 695 3708 Aug.
1212 3663 1214 3668 ·

299 3736 486 3787 Metelluscod.
500 3737 560 3786 Vat.
573 3735 645 3786 6039
658 3735 677 3785 i.
692 3731 760 3784 403¹.
778 3731 871 3784 Paullo
945 3730 1020 3782 (irat.
1046 3729 1090 3790 sl,
1116 3729 1133 3780 5
1159 3718 1202 3778 ‘ex
1228 3740 1276 3777 ms.
1300 3720 1399 3774 Metelli
1425 3719 1522 3772 Guten·
1547 3761 1549 3766 .

353 3831 454 3882 diverse
471 3831 529 3883 cod.
547 3832 608 3882 vat.
629 3829 700 3880 6038
720 3827 739 3878 i.
759 3826 821 3877 154.
1001 3814 1116 3872 stenius'.

202 3909 1524 3938 ——.......-...-..--.-----—-———----

299 3983 406 4036 Ibidem.
1099 3971 1183 4027 listro
1199 3967 1327 4018 Brlxiam.

557 4054 583 4105 d.
633 4069 668 4104 m.

501 4147 558 4199 Pan
667 4145 723 4194 tino
1095 4134 1153 4186 Pan
1177 4145 1258 4188 tices·
1283 4131 1338 4180 5110

518 4243 558 4288 ret
594 4249 637 4290 ern
664 4235 730 4284 lario
1104 4223 1153 4276 reti
1177 4238 1258 4282 prosc
1284 4221 1341 4271 ario

483 4329 560 4394 qulvi
578 4333 651 4384 tuneo
668 4324 751 4374 xltau
1069 4317 1114 4380 qni
1125 4316 1152 4364 vi
1173 4315 1207 4352 Μ
1221 4311 1263 4351 'ld
1283 4311 1324 4361 xlt
1336 4325 1370 4360 ιιι

511 4434 559 4470 nos
667 4415 765 4468 XXIII
1104 4419 1153 4455 nos
1183 4393 1257 4444 'W
1283 4400 1381 4453 xxm

465 4509 562 4561 mun
670 4505 742 4556 natio
1085 4511 1119 4545 m.
1138 4495 1195 4545 1111
1231 4494 1258 4544 d.
1301 4491 1355 4542 VII

509 4601 582 4664 Fryx
605 4611 705 4665 pugnat
1136 4585 1207 4635 natio
1232 4584 1305 4646 Fryx

490 4707 535 4742 nm
557 4691 584 4741 V
608 4690 724 4754 Ingenua
1141 4687 1249 4739 pugnar.
1272 4671 1299 4721 V

499 4782 585 4848 posuit
615 4777 717 4844 coniugi
1077 4767 1193 4831 Ingenua
1210 4761 1298 4828 posuit
1315 4773 1364 4810 con

500 4873 564 4923 karo
583 4887 641 4922 cnm
660 4883 712 4935 quo
1042 4856 1097 4921 iugi
1114 4857 1179 4907 karo
1197 4868 1256 4904 cum
1275 4866 1326 4916 quo
1345 4850 1397 4898 vix.

492 4959 725 5014 vixitan.vm.11
1068 4962 1111 4997 au.
1128 4947 1155 4997 V
1174 4960 1209 4996 m.
1227 4943 1256 4994 11
1274 4941 1301 4992 d.
1318 4939 1373 4991 vn

301 5056 423 5110 Metellus
441 5054 499 5106 cod.
511 5054 573 5104 Vat.
587 5051 657 5102 6039
671 5049 690 5098 i·
704 5048 767 5099 405.
786 5039 879 5099 Paullo
952 5039 1026 5093 erut
1046 5037 1109 5099 383,
1124 5037 1141 5088 9
1158 5028 1351 5090 ‘Gutsostsnius
1368 5043 1383 5079 s
1402 5027 1458 5079 cod.
1479 5039 1526 5075 ms.

356 5148 459 5199 diverse
477 5144 535 5196 cod.
555 5141 627 5194 6038
646 5137 741 5190 2158.
1014 5117 1130 5182 Metelli.
